3020 4942
521 356 694 423 1198
1050 390 1053 395 -
1303 374 1385 421 Μ.
1430 372 1498 423 Τ.
1546 373 1949 424 crcssnoms

515 536 719 601 quam
764 517 884 581 tibi
930 524 1110 583 esset
1161 518 1482 584 tributum
1533 540 1575 584 a
1629 522 1826 585 nobis
1873 539 1955 585 ac
1998 520 2459 588 denuntiatum
2489 531 2538 586 ε*
2606 525 2725 590 sed

514 625 730 684 certe⁸
765 629 833 684 et
874 621 978 686 hae
1018 629 1244 705 partes
1273 622 1548 687 fuerunt
1568 631 1731 703 tuae,
1761 624 1845 688 de
1874 624 2273 689 illustranda
2305 627 2610 690 emtione
2653 622 2727 691 u't

512 723 787 801 dicere-S,
817 733 887 787 et
917 744 1064 788 eras
1097 726 1246 808 ipse
1275 726 1417 809 jam
1448 729 1811 808 ingressus,
1846 734 2047 811 atque
2065 728 2144 805 ⁴in
2176 735 2463 811 quatuor
2499 738 2724 811 partes

513 843 775 890 omnem
799 828 1157 892 orationis²
1185 828 1452 893 laudem
1486 829 1976 910 descripseras:
2025 849 2307 913 cumque
2337 831 2420 895 de
2453 832 2720 896 duabus

511 930 749 1012 primis
797 931 994 994 nobis
1034 929 1299 1015 quidem
1344 932 1537 1005 satis,
1588 931 1730 1008 sed,
1757 938 1833 996 ut
1879 933 2026 1016 ipse
2068 932 2367 1010 dicebas,
2408 933 2721 998 celeriter

508 1032 884 1116 exigueque
915 1033 1233 1106 dixisseS,
1265 1032 1437 1096 duas
1483 1033 1612 1096 tibi
1654 1033 1943 1118 reliquas
1975 1034 2255 1107 feceras,
2287 1035 2721 1116 quemadmo-

508 1133 670 1198 dum
715 1136 999 1217 primum
1046 1141 1295 1211 ornate,
1325 1135 1563 1200 deinde
1606 1137 1807 1201 etiam
1853 1144 2013 1220 apte
2055 1137 2477 1201 diceremus.³
2568 1137 2716 1202 145.

507 1234 671 1316 Quo
716 1255 868 1299 cum
914 1238 1258 1319 ingressus
1302 1255 1515 1315 esseS,
1547 1245 1813 1322 repente
1856 1247 1926 1303 te
1959 1240 2154 1322 quasi
2187 1240 2458 1323 quidam
2501 1247 2714 1305 aestus

504 1340 749 1421 ingenii
783 1341 878 1404 tui
909 1339 1138 1424 procul
1169 1359 1210 1403 a
1239 1345 1417 1404 terra
1447 1341 1850 1424 abripuit,¹‘⁴
1892 1348 2094 1424 atque
2140 1343 2211 1405 in
2254 1343 2462 1406 altum
2494 1361 2537 1406 a
2568 1362 2721 1407 con-

507 1452 747 1526 spectu
810 1462 1007 1527 paene
1066 1443 1363 1508 omnium
1425 1444 1786 1508 abstraxit.
1877 1443 2164 1508 Omnem
2227 1447 2402 1508 enim
2458 1465 2677 1509 rerum
2699 1454 2721 1493 ⁵

505 1545 853 1611 scientiam
887 1546 1328 1630 complexus?
1366 1566 1497 1612 non
1530 1556 1601 1612 tu
1634 1546 1903 1630 quidem
1940 1566 2093 1611 eam
2123 1547 2317 1612 nobis
2348 1547 2723 1629 tradidisti:

503 1668 721 1732 neque
752 1649 926 1713 enim
956 1649 1082 1713 fuit
1125 1654 1259 1712 tam
1308 1650 1544 1732 exigui
1590 1651 1959 1733 temporis:
2005 1649 2147 1725 sed,
2177 1648 2357 1733 apud
2402 1649 2530 1713 hos
2555 1650 2720 1733 quid

503 1751 895 1834 profeceris,
926 1752 1199 1832 nescio:
1244 1772 1350 1815 me
1379 1752 1647 1836 quidem
1693 1752 1761 1816 in
1791 1750 2224 1816 Academiam
2271 1758 2488 1814 totum
2533 1769 2723 1815 com·

500 1852 801 1937 polisti!
890 1853 966 1917 In
997 1873 1131 1938 qua
1163 1854 1360 1918 velim
1409 1856 1499 1917 sit
1544 1853 1739 1931 illud,
1780 1853 1967 1937 quod
2016 1871 2201 1936 saepe
2244 1853 2571 1936 posuisti,
2603 1852 2722 1919 ut⁶

499 1973 631 2019 non
669 1973 943 2020 necesse
986 1957 1076 2019 sit
1117 1975 1508 2019 consumere
1549 1961 1833 2031 oetatem,
1862 1963 2065 2038 atque
2109 1963 2181 2019 ut
2221 1956 2443 2038 possit
2486 1955 2553 2018 is
2597 1955 2718 2020 illa

499 2060 726 2123 omnia
758 2077 1054 2135 cernere,
1076 2058 1194 2142 qui
1225 2057 1694 2121 tantummodo
1723 2058 2109 2141 aspexerit:
2157 2055 2273 2121 sed
2307 2058 2580 2121 etiamsi
2610 2064 2717 2121 est

502 2161 886 2243 aliquanto⁷
920 2160 1261 2243 spissius:
1290 2165 1405 2222 aut
1434 2160 1493 2222 si
1539 2179 1664 2240 ego
1712 2179 1861 2223 sum
1908 2159 2178 2237 tardior,
2203 2158 2507 2242 profecto
2553 2176 2722 2222 nun-

501 2281 708 2345 quam
752 2264 1254 2346 conquiescam,
1283 2279 1505 2345 neque
1537 2261 1954 2351 defatigabor
1995 2267 2164 2339 ante,
2199 2280 2398 2345 quam
2445 2260 2718 2325 illorum

500 2366 836 2449 ancipites
866 2367 1014 2429 vias
1044 2366 1480 2447 rationesque
1514 2371 1585 2428 et
1612 2383 1735 2480 pro
1762 2364 2096 2442 omnibuS,
2128 2371 2195 2429 et
2223 2372 2453 2430 contra
2484 2364 2718 2428 omnia

499 2466 936 2552 disputandi?
965 2488 1340 2552 percepero.

584 2571 736 2634 146.
779 2571 958 2636 Tum
1013 2571 1269 2648 Caesar,
1324 2570 1578 2649 Unum,
1622 2570 1864 2654 inquit,
1917 2591 2024 2635 me
2067 2591 2170 2636 „ex
2223 2578 2341 2635 tuo
2397 2589 2714 2635 sermone

495 2672 846 2748 maxime,⁸
891 2673 1161 2755 Crasse,
1209 2676 1604 2751 commovit,
1649 2676 1830 2757 quod
1880 2693 2030 2738 eum
2083 2674 2368 2756 negasti,
2409 2675 2533 2756 qui
2578 2695 2715 2739 non

496 2775 637 2841 cito
672 2776 835 2859 quid
867 2776 1241 2856 didicisset,
1272 2795 1570 2862 unquam
1609 2776 1880 2841 omnino
1926 2796 2135 2861 posse
2176 2776 2593 2860 perdiscere:
2642 2783 2716 2850 ut

558 2987 576 3018 ‘
610 2985 765 3035 Plura
783 2985 1056 3061 explicuisti
1074 3001 1214 3049 quam
1233 3001 1264 3034 a
1284 2990 1333 3035 1ae
1351 2985 1636 3049 petieramus
1655 2989 1701 3033 et
1721 2986 1998 3047 exponenda
2019 2985 2355 3034 tribueramus.

559 3058 588 3082 ¹⁸
623 3050 762 3106 Quod
791 3066 898 3098 cum
927 3051 1159 3112 inciperes
1190 3065 1435 3113 exponere,
1472 3050 1629 3099 subito
1661 3050 1865 3113 impetur
1894 3049 2079 3111 ingenii
2113 3057 2160 3100 te
2193 3051 2384 3112 inpulit
2420 3051 2484 3099 ad
2519 3066 2600 3100 ear
2636 3065 2713 3099 rer

492 3118 767 3165 nectendas
789 3129 905 3177 qums
922 3117 1114 3163 minime
1118 3115 1448 3190 tentabamus·

557 3180 906 3229 ”memmei
924 3181 983 3228 de
1002 3181 1208 3228 omium
1229 3193 1388 3229 rerum
1407 3177 1626 3230 mentia.

555 3252 592 3277 ¹⁰
627 3245 802 3292 Nescio
822 3259 885 3293 ex
904 3245 1118 3293 oratione
1148 3251 1233 3293 m
1255 3258 1394 3308 quem
1410 3244 1633 3303 fructum
1660 3246 1827 3293 Caesar
1845 3249 1892 3293 et
1917 3244 2155 3306 Sulpicius
2171 3244 2421 3294 retulerint
2437 3261 2455 3295 .·
2489 3260 2579 3307 ego
2600 3244 2703 3308 qui·

492 3309 598 3358 den
620 3308 694 3357 ita
713 3323 816 3357 sum
836 3324 892 3357 ea
912 3313 1187 3366 commotu,
1219 3314 1275 3358 ut
1297 3314 1508 3358 statuam
1530 3308 1919 3359 Academicorum
1940 3324 2119 3359 omnem
2137 3310 2391 3358 scientiam
2409 3325 2700 3372 pernoscere·

554 3381 582 3405 ⁸
614 3373 893 3440 Difficilius.
1172 3382 1200 3417 ⁹
1232 3374 1469 3424 Rationes
1488 3374 1653 3437 quibu
1672 3375 1724 3423 in
1745 3380 1992 3437 utramque
2009 3378 2194 3437 partem
2212 3375 2506 3439 disputatur.

1406 3511 1771 3540 ooeodemeu

558 3628 695 3678 CAp.
718 3640 920 3676 xxxvl.
987 3630 1014 3676 1
1052 3626 1160 3678 Eri.
1195 3633 1245 3677 1.
1279 3633 1336 3684 et,
1361 3630 1483 3693 quod
1521 3642 1614 3676 non
1646 3628 1701 3676 id
1744 3627 2022 3689 susceperis.
2087 3626 2233 3683 Mox,
2266 3631 2370 3674 erat
2415 3627 2696 3676 attributum

491 3693 673 3744 Guelf.
697 3696 742 3741 1.
768 3694 930 3754 Regg·
950 3692 1123 3742 Wald.
1146 3694 1361 3742 Schultz.
1386 3703 1441 3741 et
1478 3693 1646 3743 Oreli.
1692 3697 1798 3741 erat
1827 3692 2182 3741 attribuendum
2204 3706 2333 3739 unm
2358 3691 2532 3741 Oxou.
2580 3699 2696 3741 esset

487 3760 773 3808 attributum
809 3754 987 3807 Guelf.
1010 3761 1059 3806 3.
1111 3763 1215 3807 erat
1250 3759 1481 3808 tributum
1505 3760 1614 3807 Eri.
1641 3762 1686 3807 1.
1753 3756 2022 3813 Actutum,
2052 3758 2132 3805 aed
2164 3756 2495 3805 denuntiatum
2527 3757 2694 3806 wald.

487 3840 544 3874 ac
567 3824 896 3872 denuntiatum
920 3823 1065 3871 deest
1088 3823 1139 3871 in
1164 3820 1346 3873 Guelf.
1369 3827 1416 3871 1.
1481 3823 1633 3884 Tum,
1653 3825 1736 3871 sed
1757 3828 1882 3872 certe
1902 3826 1958 3870 ut
1980 3823 2088 3870 Eri.
2115 3823 2163 3867 1.
2224 3822 2307 3869 sed
2338 3828 2469 3870 certe
2489 3823 2596 3885 Aac,
2617 3826 2696 3884 ξε.

485 3889 635 3941 Junt.
660 3889 866 3937 Manat.
869 3890 968 3935 -2
1006 3888 1113 3936 Eri.
1138 3894 1183 3937 l.
1203 3903 1382 3937 omnem
1403 3891 1680 3937 orationem.
1749 3889 1900 3948 Mox,
1920 3897 2116 3949 cumque
2137 3886 2383 3947 duabup.
2407 3901 2453 3935 n.
2476 3903 2527 3949 q.
2549 3901 2594 3934 s.
2612 3889 2692 3935 ced

486 3961 540 4003 at
562 3955 660 4017 ipse
680 3954 897 4002 celeriter
919 3954 1074 4002 Erl.l
1054 3957 1201 4002 1.-8
1236 3953 1382 4003 Idem
1419 3957 1605 4014 codex,
1628 3956 1914 4001 matumd.
1938 3966 1981 3999 e.
1999 3951 2387 4000 &dicerem-⁴
2421 3951 2571 4000 Idem
2607 3967 2694 3999 co·

488 4020 588 4068 dex
626 4019 849 4080 arripuit.
913 4018 1061 4073 Mox,
1089 4033 1183 4082 pro
1221 4019 1482 4079 abstraxit,
1518 4018 1736 4067 Mediol-
1759 4016 1978 4067 Ascens·
2001 4017 2141 4079 Lips.
2163 4015 2355 4063 habent
2388 4017 2694 4065 disfixit.-

487 4089 517 4132 5
554 4084 640 4133 Ita
661 4084 813 4135 Joan.
832 4084 984 4132 Cant.
1008 4084 1142 4132 Bod.
1166 4086 1315 4147 Wag.
1334 4085 1486 4134 Harl.
1513 4088 1559 4132 1.
1582 4088 1633 4132 2.
1651 4083 1756 4134 Eri.
1782 4087 1829 4131 1.
1853 4081 2032 4133 Lamb.
2065 4096 2184 4130 cnm
2221 4081 2382 4130 tribus
2406 4083 2691 4131 vetustissi-

488 4149 619 4196 mis:
649 4139 935 4211 Omnemque
958 4162 1116 4199 rerum
1134 4148 1257 4198 And.
1278 4150 1425 4201 Junt.
1451 4150 1600 4198 Crat.
1626 4149 1831 4197 Manut-
1847 4147 2002 4197 Grut.
2067 4147 2216 4207 Mox,
2234 4159 2328 4194 non
2360 4147 2551 4210 quidem
2585 4147 2690 4195 Eri.

488 4216 537 4260 1.
540 4217 636 4261 -6
667 4214 875 4261 Schutz.
912 4214 1046 4276 conj.
1083 4215 1225 4262 velim
1260 4215 1406 4278 (illud
1438 4216 1563 4277 quod
1597 4228 1720 4277 soepe
1750 4210 1983 4277 posuisti)
2015 4214 2147 4274 utu&
2148 4227 2189 4258 c.
2255 4211 2405 4272 Mox,
2445 4217 2501 4260 at
2535 4218 2689 4274 posse:

487 4277 866 4327 Er1.1.'rum
891 4292 983 4342 pro
1003 4293 1212 4343 cernere,
1235 4278 1413 4331 Guelf.
1433 4284 1482 4330 2.
1502 4278 1667 4330 habet
1695 4284 1870 4329 tenere·
1874 4282 1966 4329 -7
2003 4214 2192 4328 Buff-1
2212 4276 2486 4339 aliquando.
2544 4279 2685 4334 Mox,
