3020 4942
553 341 730 408 1086
1321 357 1401 405 Μ.
1449 358 1518 404 ι’.
1565 320 1971 406 emenonis

552 489 630 568 tu
670 502 959 586 Egilia⁷
1002 503 1199 567 meat
1245 503 1516 586 quando
1571 504 1655 569 ad
1705 523 1809 567 me
1855 504 2048 568 venis
2080 507 2258 568 'cum
2306 501 2423 570 tua
2484 507 2641 571 colu
2686 512 2751 572 et

551 611 708 679 lana
726 605 775 670 ‘l'
862 605 1068 671 ‘Non
1098 606 1248 691 pol:
1272 612 1296 642 ¹
1337 606 1574 690 inquit,
1621 611 1640 643 ‘
1664 606 1880 671 audeo
1907 626 1924 666 ε
1968 624 2124 671 nam
2157 627 2261 671 me
2292 608 2382 671 ad
2409 608 2751 674 famosas‘

550 712 768 775 vetuit
824 715 1030 774 mater
1087 708 1445 773 accedere!
1537 724 1764 772 cxlx.
1825 708 1982 775 278.
2027 709 2254 774 Salsa
2310 719 2471 775 sunt
2513 713 2749 789 etiam,

551 831 708 895 quae
730 811 976 877 hahent
1004 811 1459 894 suspicionem
1492 810 1750 876 ridiculi
1784 811 2268 889 absconditam,
2292 833 2429 897 quo
2462 814 2530 878 in
2561 819 2750 897 gene‘-

550 934 623 980 re
668 919 767 980 est
810 913 979 979 illud
1029 914 1268 988 Siculi,
1301 913 1436 989 cui,
1478 920 1678 978 cum¹
1725 913 2077 977 familiaris
2116 914 2389 997 quidam
2436 936 2749 999 querere-

548 1023 677 1095 tur,
726 1018 908 1101 quod
963 1017 1234 1094 diceret,
1280 1035 1558 1081 uxorem
1605 1034 1796 1080 suam
1841 1015 2277 1098 suspendisse
2325 1038 2396 1082 se
2454 1018 2542 1082 de
2577 1020 2747 1096 ’fictu

553 1125 574 1156 ‘
596 1119 866 1186 Amabo
897 1119 1008 1200 te,’
1051 1120 1287 1205 inquit,
1330 1125 1351 1156 ‘
1376 1118 1468 1184 da
1488 1117 1651 1184 mihi
1675 1139 1762 1184 ex
1793 1120 1927 1184 ista
1950 1119 1978 1147 ²
2003 1120 2283 1196 arbore,⁸
2326 1127 2496 1204 quos
2531 1142 2745 1187 seram

549 1223 893 1288 surculos?
980 1222 1064 1288 In
1105 1222 1338 1288 eodem
1387 1241 1629 1304 genere
1675 1229 1808 1300 est,
1852 1220 2035 1306 quod
2068 1221 2351 1287 Catulus
2381 1223 2566 1287 dixit
2605 1219 2746 1288 cui-

548 1326 707 1391 dam
738 1325 988 1410 oratori
1026 1325 1414 1410 malo-,qui
1454 1343 1609 1389 cum
1643 1324 1713 1388 in
1751 1323 2018 1409 epilogo
2038 1327 2059 1367 ³
2101 1324 2742 1391 misericordiamse

545 1428 840 1492 movisse
888 1431 1170 1512 putaret,
1220 1436 1585 1511 postquam
1617 1427 1902 1503 assedit,
1949 1428 2213 1509 rogavit
2258 1428 2458 1506 hunc,
2493 1429 2745 1494 videre·

547 1538 733 1596 turne
787 1528 1315 1594 misericordiam
1363 1528 1699 1595 movisset
1743 1527 1890 1593 ‘Ac
1930 1549 2241 1611 magnam
2280 1529 2605 1615 quidem,’
2650 1532 2747 1595 in·

544 1633 734 1715 quit;
785 1630 1141 1696 ‘neminem
1176 1633 1353 1696 enim
1382 1639 1549 1715 puto
1580 1651 1735 1696 esse
1767 1637 1900 1697 tam
1933 1630 2186 1707 durum,
2216 1635 2327 1696 cni
2359 1630 2494 1696 n'on
2529 1634 2745 1699 oratio

482 1782 491 1801 .
543 1740 664 1800 tua
703 1734 1080 1801 miseranda
1127 1735 1277 1798 visa
1323 1733 1506 1798 sit.’⁴
1588 1734 1739 1798 2¹79.
1790 1732 1909 1797 Me
1955 1731 2219 1817 quidem
2246 1735 2516 1804 hercule
2546 1736 2746 1801 valde

541 1839 657 1903 illa
680 1846 946 1903 movent
964 1844 988 1884 ⁵
1029 1836 1484 1914 stomachosa,
1516 1843 1586 1901 et
1614 1838 1809 1920 quasi
1838 1835 2227 1901 submorosa
2254 1837 2570 1917 ridicula,
2594 1843 2743 1904 cnm

540 1961 675 2005 nou
716 1961 759 2006 a
784 1959 1070 2006 'moroso
1117 1940 1417 2005 dicuntur
1437 1962 1452 2002 ε
1476 1938 1497 1977 ¹
1536 1947 1678 2004 tum
1708 1940 1885 2004 euim
1914 1958 2046 2002 non
2077 1940 2201 2014 sal,
2234 1940 2355 2004 sed
2386 1949 2644 2007 natura‘
2660 1943 2743 2005 ri·

541 2045 798 2110 dotum·
869 2043 969 2109 'In
1008 2061 1167 2128 quo,
1197 2050 1280 2107 ut
1305 2042 1469 2108 mihi
1499 2042 1784 2121 videtur,
1815 2042 2191 2127 persalsum
2221 2042 2389 2107 illud
2419 2051 2531 2110 est
2561 2043 2740 2129 apud

543 2144 917 2221 Νιιινὶιιιιι,ὅ

1319 2247 1546 2327 ‘Quid
1578 2248 1807 2332 ploras
1837 2255 2026 2332 pater
2047 2251 2077 2313 ‘l

798 2350 1046 2417 Mirum
1081 2353 1150 2417 ni
1181 2359 1476 2417 cantem.
1508 2359 1566 2399 ⁷
1595 2350 2081 2418 condemnatus
2114 2349 2307 2416 sum?

603 2520 629 2555 ¹³
666 2522 815 2587 Turpi
802 2522 973 2582 soma
995 2521 1275 2572 laborantes.

592 2585 619 2626 ¹
654 2589 775 2643 Quoe
795 2588 1015 2637 videntur·
1034 2587 1095 2636 ab
1115 2587 1311 2640 homine
1318 2585 1445 2634 irato
1465 2590 1513 2634 et
1537 2586 1728 2648 qnerulo
1746 2585 1864 2641 dici.
1882 2587 1965 2650 qus·
1983 2601 2147 2636 revera
2168 2586 2257 2635 toli
2275 2587 2431 2636 indole
2451 2602 2547 2636 non
2568 2589 2654 2639 sie.
2721 2586 2724 2589 ’

600 2658 641 2684 ¹⁸
673 2653 803 2703 Tunc
823 2653 948 2702 enim
967 2667 1061 2702 non
1082 2652 1373 2713 festivitas
1353 2665 1499 2715 ipsun
1518 2650 1640 2714 joci,
1661 2652 1745 2700 sed
1765 2651 1946 2702 indoles
1962 2652 2167 2701 hominis
2184 2653 2346 2702 tetrici
2366 2653 2631 2705 deridetur.

1455 2761 1724 2783 eeneeoee
1731 2762 1819 2782 ‘O‘

535 2843 570 2888 6
599 2837 784 2901 Steph.
806 2845 862 2887 et
886 2837 1064 2888 Lamb.
1085 2838 1279 2888 videtur
1300 2844 1513 2890 essa—⁷
1551 2839 1682 2895 Quid
1714 2845 1769 2888 to
1797 2838 1990 2889 'Deeilto
2023 2853 2109 2901 sp.
2142 2837 2372 2889 Nonium
2407 2854 2459 2888 v.
2486 2840 2735 2899 ‘Colum’

537 2903 629 2953 sed
671 2906 721 2957 in
746 2903 972 2954 Merceri
994 2903 1079 2953 ed.
1100 2919 1151 2968 p.
1177 2907 1292 2954 198.
1325 2904 1390 2952 de
1428 2905 1594 2968 Lipsii
1628 2906 1932 2968 conjecturs
1971 2903 2281 2965 rescriptum
2320 2912 2411 2953 est‘
2436 2907 2527 2953 tud
2547 2906 2734 2969 Egilia,

534 2971 678 3034 quasi
702 2970 988 3019 versiculus
1005 2977 1162 3028 esset,
1180 2970 1609 3033 quemadmodum
1624 2971 1891 3031 vulgatum
1910 2970 2410 3019 excudebantetiam
2426 2969 2579 3019 Jnnt.
2595 2972 2736 3020 Crat.

533 3035 685 3083 Man.
704 3035 932 3085 Ῑιειιιώ.ι
954 3033 1018 3084 Iu
1045 3049 1189 3098 seqq.
1212 3034 1391 3084 Lamb.
1408 3036 1571 3095 dedit,
1589 3050 1695 3084 cum
1718 3041 1802 3085 toa
1824 3037 1927 3083 colu
1949 3040 1997 3085 et
2018 3036 2128 3084 lona
2148 3036 2315 3084 verris?
2379 3037 2598 3098 Suspic„
2634 3051 2733 3085 nou

533 3106 708 3150 tamen
731 3099 916 3161 edidit,
943 3115 1053 3148 nam
1073 3098 1394 3159 odsamosos5
1428 3099 1575 3149 dedit
1612 3102 1834 3163 deniqne
1857 3104 2013 3149 mater
2034 3101 2203 3158 uetuit,
2229 3109 2286 3150 ut
2305 3100 2417 3148 scil.
2442 3115 2622 3149 versus
2644 3116 2733 3149 ex-

534 3165 797 3215 tunderet.
863 3162 965 3214 Sed
994 3164 1196 3213 Nonius
1235 3164 1629 3214 v.‘’1·'amosus
1662 3180 1714 3229 p.
1739 3167 1854 3215 305.
1888 3165 1972 3213 ed.
2008 3165 2178 3214 Merc.
2203 3166 2464 3227 vulgatum
2497 3166 2733 3221 ordinem

537 3239 743 3290 tuetur,
774 3244 941 3293 neque
989 3231 1195 3278 omnino
1221 3229 1335 3281 haec
1375 3245 1468 3293 pro
1507 3230 1779 3279 versieulis
1812 3230 1989 3279 haberi
2030 3230 2242 3279 debent.
2320 3228 2446 3279 Non
2481 3239 2566 3281 est
2595 3232 2731 3282 enirn

536 3303 894 3356 argumentum
917 3293 1094 3344 fictum
1115 3309 1142 3342 e
1165 3295 1320 3351 mimo
1345 3296 1587 3358 petitum,
1611 3297 1701 3344 sed
1722 3293 2007 3358 ἀπόφθεγμα
2031 3310 2224 3345 verum.
2230 3294 2436 3344 ’.Orell

599 3361 1012 3410 cst.1.xrx.1
1051 3359 1207 3410 Siculi
1226 3375 1349 3419 cum,
1372 3361 1562 3410 omisso
1584 3362 1680 3423 cui,
1701 3363 1853 3423 ψ-2
1889 3360 2065 3410 Lamb.
2089 3376 2153 3409 ex
2171 3361 2281 3409 ism.
2349 3360 2500 3416 Mox,
2520 3360 2731 3423 quosin-

530 3439 684 3475 semm
706 3425 844 3489 conj.
872 3424 1078 3475 Manut.
1112 3439 1225 3488 quos
1244 3424 1406 3483 seram
1429 3427 1621 3488 suspic.
1645 3427 1869 3475 Burman
1875 3428 1987 3474 .—8
2022 3424 2202 3474 Guelf.
2218 3430 2267 3474 2.
2302 3425 2387 3487 qui
2404 3440 2509 3474 eum
2529 3425 2731 3486 epilogo,

531 3493 724 3541 omissa
754 3491 1140 3568 praepositione.
1208 3491 1357 3553 Mox,
1383 3491 1583 3540 movisse
1604 3505 1665 3540 ne
1685 3490 2054 3539 misericordiam
2076 3494 2230 3554 vlu—4
2268 3491 2411 3539 Idem
2435 3490 2626 3545 codex,
2646 3496 2731 3537 tus

528 3557 851 3606 misericordia
870 3556 1077 3605 uisusit.
1084 3559 1177 3603 -5
1213 3526 1391 3605 Guelf.
1408 3561 1463 3609 2
1485 3560 1535 3604 8.
1577 3556 1785 3604 Schutz.
1824 3564 1885 3605 et·
1920 3556 2083 3605 Orell.
2115 3555 2267 3605 hercle
2299 3557 2460 3604 etiam
2480 3555 2565 3603 tua
2595 3556 2730 3603 valde

529 3626 746 3679 moreau·
783 3621 961 3669 Lamb.
997 3621 1085 3670 illa
1105 3620 1249 3669 etiam
1276 3620 1412 3670 valde
1444 3626 1663 3677 moveam
1695 3620 1842 3670 Junt.
1867 3622 2010 3670 Man.
2033 3620 2189 3670 Grut.
2214 3628 2270 3669 et
2294 3626 2515 3669 recentt.
2545 3620 2729 3676 hercule

528 3690 665 3736 valde
686 3687 770 3735 illa
790 3691 992 3734 monent.
1058 3686 1205 3746 Mox,
1227 3686 1363 3747 quasi
1397 3686 1546 3734 deest
1585 3686 1635 3734 in
1669 3685 1846 3735 Guelf.
1866 3690 1915 3735 2.
1983 3685 2209 3741 Deinde,
2237 3701 2331 3735 non
2354 3701 2459 3734 cum
2482 3685 2730 3732 exhibent

529 3766 710 3800 omnes
745 3750 898 3800 codd.
920 3751 1070 3801 Junt.
1096 3751 1251 3798 Grnt.
1289 3751 1468 3798 Lamb.
1498 3750 1651 3800 Mun.
1693 3750 1899 3799 Harles.
1932 3747 2099 3799 Orell.
2134 3766 2236 3799 cum
2257 3765 2350 3798 nou
2372 3768 2399 3798 e
2422 3750 2728 3813 conjectura

530 3817 857 3888 Ernesti-4
889 3816 976 3866 Ita
995 3815 1027 3866 J
1035 3825 1146 3865 unt.
1172 3815 1356 3864 Lamb.
1376 3816 1533 3865 Grut.
1550 3817 1616 3865 al.
1654 3815 1866 3865 Novium
1887 3814 2030 3866 Gud.
2052 3818 2104 3878 ψ,
2130 3816 2337 3879 plurimi
2363 3814 2521 3865 codd.
2543 3829 2628 3877 sp.
2651 3815 2725 3863 Le

1517 3944 1733 3996 NOTAE
1833 3976 1840 3981 ·

588 4037 754 4101 rPol]
780 4036 861 4087 Ad
871 4037 1096 4087 verbium
1107 4036 1333 4099 jurantis
1352 4050 1444 4099 per
1462 4036 1584 4086 Pol·
1665 4033 1967 4084 ahscondita
1990 4033 2197 4084 ridiculi
2225 4033 2490 4095 suspici03
2524 4033 2721 4096 tegitur

471 4179 475 4185 ὓ
525 4114 714 4168 lucem,
731 4114 813 4175 qui
835 4114 984 4165 Jovis
996 4127 1069 4164 ex
1091 4114 1231 4163 Leda
1247 4111 1583 4175 filius,frster
1664 4113 1821 4160 enim
1838 4109 1996 4175 quod
2007 4110 2340 4172 perspicaces
2374 4109 2500 4157 satis
2539 4106 2720 4157 intelli·-

530 4189 759 4241 Castoris
781 4197 912 4239 erat.
1493 4224 1500 4231 .
1555 4204 1573 4229 ³:
1664 4196 1811 4251 gunt,
1839 4189 1975 4238 hunc
2008 4186 2262 4236 hominem
2295 4186 2472 4236 uxoris
2507 4194 2713 4236 mortem

596 4267 730 4316 *Da
751 4267 869 4317 mihi
901 4282 963 4316 ex
992 4267 1088 4317 isto
1121 4265 1311 4330 arbore]
1356 4265 1460 4316 Hic
1495 4272 1578 4316 est
1662 4271 1932 4330 exoptare.
