3020 4942
946 390 1047 458 nn
1090 385 1474 452 onnon,
1520 387 1602 437 ιι.
1646 372 1753 436 64.
2267 369 2439 437 1073

260 527 395 619 quo
445 539 605 600 sunt
654 534 974 613 nonnulli,
1023 534 1142 619 qui
1186 539 1365 599 tuam
1413 534 1623 617 legem
1674 534 1757 598 de
1797 532 2153 598 civitate¹¹
2194 539 2440 610 natam,

261 637 530 715 Crasse,
559 637 832 703 dicant:

438 745 460 774 ‘
482 740 588 819 St,
638 731 906 819 tacete,⁸
948 739 1111 824 quid
1155 739 1283 804 hoc
1327 739 1636 804 clamoris
1654 740 1685 803 ‘t
1731 739 1978 823 quibus
2022 756 2149 803 nec
2184 742 2446 816 mater-,⁸

694 862 822 909 nec
850 849 1093 926 pater}

438 944 659 1010 Tanta
716 944 1115 1010 confidentia
1165 942 1382 1007 estis?
1426 942 1678 1009 auferte
1730 944 1932 1010 istam
1990 944 2161 1009 enirn
2222 960 2447 1026 super-

697 1044 920 1112 biam!
1713 1063 1718 1068 ·

271 1149 456 1214 Nam
500 1150 567 1213 in
596 1149 824 1214 Coelio
876 1167 1042 1213 sane
1087 1146 1292 1213 etiam
1343 1147 1429 1211 ad
1479 1166 1753 1212 causam
1791 1149 1947 1213 utile
1985 1148 2130 1213 fuit'
2158 1154 2341 1212 tuum
2374 1146 2454 1214 il·.

269 1252 415 1330 lud,
459 1251 735 1331 Antoni,
785 1272 936 1316 cum
984 1251 1102 1316 ille
1144 1271 1187 1316 a
1230 1270 1305 1315 se
1350 1247 1710 1334 pecuniam
1754 1250 2116 1342 profectam
2142 1259 2163 1298 ³
2210 1251 2457 1314 diceret

270 1356 489 1433 testie,
509 1362 580 1418 et
605 1354 883 1420 haberet
909 1353 1119 1418 filium
1148 1337 1625 1431 delicatiorem,
1657 1354 1941 1419 abeunte
1959 1354 2103 1438 jam
2133 1353 2283 1431 illo,

495 1460 512 1491 ‘
546 1454 818 1521 Senti’n’
845 1457 865 1493 ‘
908 1475 1141 1521 senem
1170 1475 1319 1520 esse
1350 1461 1600 1520 tactum
1631 1457 1901 1539 triginta
1927 1457 2172 1521 minis?
2196 1455 2287 1495 '⁸¹¹

273 1558 428 1625 258.
479 1559 561 1624 In
590 1558 723 1623 hoc
752 1579 958 1642 genus
988 1558 1437 1643 conjiciuntur
1464 1560 1854 1642 proverbia:
1898 1559 2162 1623 utillud
2195 1557 2458 1642 Scipio-

274 1663 409 1740 niS‚
439 1682 590 1727 cum
618 1659 897 1726 Asellus
928 1680 1155 1727 omnes
1200 1661 1584 1746 provincias
1626 1662 1960 1745 stipendia
1997 1670 2352 1726 merentem
2386 1679 2461 1725 se

278 1783 669 1850 peragrasse
699 1763 1112 1847 gloriaretur,
1157 1767 1181 1799 ‘
1202 1763 1392 1847 Agas
1422 1763 1790 1844 asellurn,’v
1823 1771 1890 1830 et
1918 1773 2162 1830 cetera.
2234 1763 2465 1844 Quare

347 1983 372 2017 9
410 1972 559 2034 Cuius
578 1972 655 2022 ira
672 1977 872 2038 putatur
893 1972 1074 2022 dedisse
1095 1970 1380 2021 occasionem
1402 1970 1720 2030 tibisereudoe
1740 1971 1862 2032 legis
1881 1969 2057 2032 dejure
2077 1970 2307 2021 civitatis.

281 2038 794 2155 “Zegssbzigezestgw
820 2039 891 2087 sic
918 2036 1166 2087 clamatis?
1197 2041 1442 2086 laetaniae
1478 2036 1649 2087 hubent
1682 2037 1928 2085 audaciam
1961 2036 2171 2086 homines
2197 2036 2391 2086 obscuro
2423 2041 2470 2086 et

348 2177 369 2204 ⁸
403 2169 534 2217 Nam
553 2168 618 2217 ad
646 2167 947 2227 refutandum
968 2167 1199 2229 quendam
1229 2170 1395 2215 testem
1420 2165 1637 2227 Coels'un,
1666 2180 1774 2215 cnm
1807 2165 1908 2228 ipse
1948 2171 2203 2215 testaretur
2219 2165 2473 2229 pecuniam

283 2233 382 2283 sibi
401 2235 521 2283 clam
541 2233 747 2282 ablatam
767 2246 868 2281 esse
887 2248 918 2280 a
932 2231 1047 2297 filio
1067 2233 1372 2289 adolescente,
1394 2231 1612 2287 delicato,
1634 2237 1683 2279 et
1715 2231 1961 2293 dissoluto,
1988 2245 2177 2294 eamque
2210 2233 2370 2280 datam
2405 2232 2469 2280 ud

284 2301 672 2360 corrumpendum
682 2297 937 2357 judicium,
959 2302 1008 2345 et
1027 2297 1155 2345 dieto
1176 2296 1445 2345 ustimonio
1454 2296 1563 2356 ,iam
1583 2297 1858 2359 discederet,
1876 2302 2127 2359 opponam
2147 2310 2262 2345 usus
2279 2311 2348 2358 es,
2369 2296 2472 2346 An·

289 2366 412 2427 toni,
433 2364 516 2413 illo
535 2363 784 2426 versiculo,
802 2362 1032 2411 Adversis
1050 2361 1128 2410 iun·
1146 2360 1327 2411 Ιιοηιίιιι·
1347 2361 1503 2410 dolere
1524 2360 1618 2409 sibi
1638 2361 1846 2423 triginta
1866 2362 2020 2410 minus
2038 2366 2254 2411 almas
2274 2358 2301 2410 :1

1193 2519 1344 2539 00000
1350 2519 1555 2540 0000000

254 2634 263 2643 “
295 2629 432 2683 codd
453 2637 507 2680 et
531 2627 653 2680 edd.
680 2634 810 2677 vett.
829 2627 982 2679 Junt.
1008 2625 1188 2676 Lamb.
1284 2627 1352 2676 eis
1372 2642 1457 2677 nec
1476 2626 1822 2690 materlOrell.
1845 2622 1875 2678 e
1898 2618 2201 2691 conjectura
2221 2626 2480 2689 Sehutzii3

295 2696 466 2762 quibus
483 2701 636 2744 mater
654 2708 737 2742 nec
756 2698 896 2756 pater
919 2693 985 2741 sit
1017 2694 1071 2754 ψ,
1104 2642 1281 2741 232·ng
1286 2707 1329 2741 s.
1351 2692 1389 2741 1.
1411 2700 1466 2742 et
1490 2709 1537 2742 a.
1570 2695 1634 2741 sit
1667 2694 1717 2741 in
1753 2692 1856 2742 fine
1888 2692 2290 2756 versnsadduut
2325 2693 2481 2743 etiam

297 2763 448 2815 Junt.
481 2761 624 2809 Man‘.
651 2757 837 2820 Steph.
899 2757 1111 2807 Primus
1151 2758 1466 2819 expunxisse
1503 2758 1710 2806 videtur
1749 2758 1929 2808 Lamb.
1995 2757 2139 2813 Mox,
2172 2756 2486 2822 confidentia?

299 2828 508 2889 afferte,
540 2824 727 2876 omisso
749 2822 884 2886 estis,
907 2823 1075 2874 Orell.
1098 2837 1128 2873 e
1164 2823 1466 2887 conjectura
1501 2823 1752 2873 Schutzii.
1817 2822 1974 2884 Dein,
2007 2823 2148 2872 istam
2185 2836 2504 2895 nuncuper-0

1291 2967 1505 3019 Nom:
1603 2934 1625 3009 '-

366 3071 389 3098 ¹·
424 3065 572 3115 Ταω
603 3067 751 3129 legem
781 3068 841 3116 de
874 3066 1092 3131 deitate]
1127 3066 1189 3117 L.
1226 3066 1360 3117 Lici·
1441 3072 1549 3117 tur.

302 3142 421 3193 nius
456 3141 671 3191 Crassus
708 3148 762 3192 et
796 3144 864 3194 Q.
888 3144 1093 3193 Mucius
1127 3143 1362 3193 Scaevola
1505 3146 1524 3178 ²
1555 3142 1781 3207 Senti'n']
1804 3143 1999 3193 Versus
2022 3149 2104 3193 est
2126 3141 2375 3205 senarius,
2394 3157 2492 3208 quo

304 3217 543 3268 consules
566 3215 631 3266 A.
652 3217 721 3267 U.
740 3217 801 3267 C.
821 3221 937 3267 659.
962 3219 1123 3281 legem
1148 3218 1214 3267 de
1237 3219 1362 3269 civi·
1446 3219 1595 3270 Coelii
1641 3220 1988 3270 testimoninm
2042 3219 2337 3270 infirmabat
2385 3218 2493 3268 An-

306 3303 422 3346 tate
459 3294 708 3344 Liciniam
740 3295 966 3344 Muciam
991 3296 1179 3356 tulere,
1201 3302 1258 3344 ut
1278 3296 1363 3346 Ci-
1444 3297 1635 3358 tonius,
1670 3311 1784 3345 cum
1830 3312 1947 3346 eum
1991 3297 2204 3360 triginta
2242 3297 2494 3346 minarum

306 3386 432 3422 cero
457 3379 677 3420 testatur
700 3371 935 3420 oratione
965 3385 1060 3434 pro
1088 3371 1152 3421 C.
1175 3371 1365 3421 Corne·
1446 3372 1632 3420 damno
1675 3375 1847 3435 potius
1885 3383 2193 3424 commotum
2237 3388 2389 3440 quum
2423 3372 2496 3422 le-

307 3449 401 3503 lio,
432 3446 633 3509 reipub.
671 3460 775 3495 non
808 3446 959 3496 modo
990 3445 1248 3507 inutilem,
1275 3444 1366 3495 sed
1447 3462 1566 3511 gum
1591 3461 1714 3496 cura
1736 3448 1969 3498 doceret.

309 3523 470 3573 etiam
492 3523 849 3585 perniciosam.
897 3523 1112 3586 Pighius
1128 3523 1239 3572 haec
1255 3523 1370 3587 ejus

311 3599 582 3665 praecipua
619 3599 783 3648 fuisse
823 3599 1001 3661 capita
1040 3599 1256 3663 colligit,
1293 3599 1371 3648 uti

311 3673 641 3743 quae'reretur
672 3677 727 3724 in
758 3690 844 3724 eos
879 3676 968 3741 qui
993 3689 1096 3724 non
1131 3677 1288 3732 cives,
1312 3689 1371 3725 se

260 3789 265 3793 .
313 3767 414 3818 pro
436 3753 635 3803 civibus
657 3761 914 3814 gererent.
979 3752 1272 3814 Praeterea,
1295 3744 1373 3802 u'ti

313 3831 372 3879 in
403 3829 644 3877 civitates
679 3843 794 3878 suas
830 3827 1061 3878 redirent
1092 3828 1247 3878 etiam
1272 3828 1373 3879 Ro-

316 3919 418 3954 mae
439 3905 547 3953 nati
568 3905 963 3970 muneribusque
982 3904 1168 3955 civium
1193 3904 1375 3962 functi,

318 3994 539 4046 quorum
572 3982 787 4045 majores
809 3982 943 4046 juris
966 3981 1138 4032 Italici
1163 3982 1377 4031 civitate

322 4056 559 4106 Romana
582 4066 794 4121 propter
817 4057 1060 4108 virtutem
1079 4056 1255 4108 donati
1275 4071 1376 4108 non

316 4131 554 4191 fuissent.

391 4216 410 4241 ⁸
438 4207 521 4267 St,
539 4209 711 4273 tacete]
742 4208 819 4265 St,
839 4209 1021 4258 vocula
1039 4210 1227 4262 usitate
1245 4209 1384 4275 apud

326 4283 552 4333 comicos
576 4283 773 4346 poetas,
792 4297 895 4348 qua
915 4284 1172 4336 silentium
1201 4286 1385 4336 indici·

460 4360 635 4424 Delph.
657 4367 706 4411 et
727 4362 844 4412 Ver.
865 4363 995 4412 Clas.

1320 4365 1503 4414 Cicero.

1512 3530 1537 3556 ⁸
1570 3523 1749 3586 Minis]
1782 3525 1927 3573 Mina
1950 3525 2057 3573 sive
2072 3525 2166 3585 μνᾶ
2184 3524 2361 3576 Attica
2378 3540 2498 3575 cen·

1451 3604 1561 3648 tum
1595 3598 1848 3647 drachmis
1878 3599 2065 3649 Atticis
2098 3601 2399 3651 constabat:
2435 3600 2500 3652 ad

1450 3681 1709 3724 nostrates
1749 3675 1975 3724 calculos
2014 3684 2253 3726 revocata
2290 3677 2505 3728 conficit

1446 3750 1614 3801 *libras
1636 3750 2004 3815 septemdecim
2028 3758 2082 3801 et
2106 3751 2397 3816 quindecim
2423 3767 2503 3801 as·

1455 3842 1556 3878 ses.
1620 3829 1953 3890 Quapropter
1985 3827 2195 3890 triginta
2230 3827 2382 3876 minae
2419 3842 2502 3875 va·
2532 3858 2536 3862 -

1454 3904 1641 3954 lebunt
1664 3903 1818 3953 libras
1843 3904 2116 3953 Francicus
2132 3908 2247 3954 525.
2267 3904 2342 3953 bis
2362 3906 2530 3953 tanto·

1456 3980 1622 4044 pluris
1669 3985 1747 4028 est
1799 3980 2049 4029 talentum
2092 3980 2322 4030 Atticum
2368 3974 2506 4045 quod

1459 4057 1723 4118 sexaginta
1777 4056 1941 4104 minas
1984 4057 2235 4119 continet,
2277 4057 2507 4122 adeoque

1461 4129 1622 4181 efficit
1661 4131 1818 4180 libras
1860 4137 2118 4180 nostrates
2153 4136 2296 4183 1050.
2374 4128 2510 4184 Sunt

1461 4208 1547 4274 qui
1571 4208 1730 4271 pluris
1753 4208 1942 4257 minam
1968 4209 2243 4260 aestiment.
2297 4202 2301 4209 ’

1525 4291 1550 4318 v
1576 4283 1710 4347 Agas
1721 4284 1935 4351 menum]
1973 4287 2183 4337 Frustra
2194 4286 2389 4338 asinum
2405 4288 2516 4356 ani·-

2273 4367 2386 4417 sY
