3020 4942
525 357 700 425 1162
1295 373 1376 421 u.
1420 374 1486 422 τ.
1535 373 1946 423 cronnoms

526 519 622 597 di,
653 522 1083 602 aspernatum
1115 536 1268 583 esse
1297 534 1494 583 omne
1542 518 1749 583 animi
1800 536 2171 603 sensusque
2204 516 2569 602 judicium,
2598 520 2726 604 pri-

525 641 847 705 mumque
865 619 1686 707 instituisse,(quanquam
1708 621 1778 685 id
1797 621 1919 687 suit
1938 620 2359 686 Socraticum
2380 623 2724 704 maxime,)

525 743 683 799 non,
717 723 879 807 quid
908 724 1059 807 ipse
1091 727 1386 803 sentiret,
1404 724 1750 789 ostendere
1775 743 1793 804 ;
1824 723 1941 789 sed
1968 730 2195 789 contra
2217 724 2310 801 id,
2333 724 2520 808 quod
2545 726 2726 807 quis-

526 847 660 911 que
691 847 765 891 se
800 827 1042 892 sentire
1073 826 1385 907 dixisset,
1417 827 1780 911 disputare.
1852 825 1961 891 68.
1999 826 2187 891 Hinc
2216 826 2365 891 haec
2396 829 2730 892 recentior

525 929 902 995 Academia
920 938 943 966 ⁹
987 930 1403 1008 emanavit,¹0
1447 931 1514 994 in
1547 948 1683 1013 qua
1708 930 1933 995 extitit
1962 930 2191 996 divina
2221 931 2524 1014 quadam
2554 933 2729 997 cele-

523 1033 724 1098 ritate
758 1031 1009 1115 ingenii
1054 1032 1458 1117 dicendique
1505 1034 1707 1115 copia
1751 1031 2169 1107 Carneadem
2215 1032 2411 1116 cujus
2443 1054 2574 1116 ego
2603 1036 2729 1100 etsi

432 1210 446 1223 κ
523 1135 775 1200 multos
801 1136 1155 1200 auditores
1198 1136 1484 1218 cognovi
1505 1132 1816 1208 Athenis,
1847 1143 2069 1201 tamen
2101 1142 2409 1200 auctores
2438 1138 2731 1202 certissi-

523 1257 677 1303 mos
703 1238 981 1303 laudare
1012 1258 1317 1323 possum,
1335 1245 1404 1303 et
1431 1258 1741 1304 socerum
1762 1259 1973 1303 meum
2006 1239 2407 1316 Scaevolam,
2434 1242 2555 1322 qui
2579 1260 2730 1304 eum

525 1340 767 1405 Romae
802 1342 1055 1406 audivit
1081 1342 1497 1417 adolescens,
1523 1348 1592 1405 et
1621 1339 1710 1420 Q.
1730 1341 2080 1406 Metellum
2117 1343 2197 1411 L.
2221 1341 2299 1406 F.
2328 1342 2732 1408 familiarem

524 1463 773 1518 meum,
806 1444 1256 1509 clarissimum
1279 1445 1518 1525 virum,
1543 1445 1655 1527 qui
1688 1445 1875 1509 illum
1906 1465 1947 1508 a
1975 1465 2048 1509 se
2077 1445 2493 1509 adolescente
2523 1445 2738 1512 Athe·

523 1548 650 1622 nis,
671 1546 817 1629 Jam
841 1546 1152 1613 affectum
1184 1554 1553 1623 senectute,
1586 1548 1829 1613 multos
1852 1547 1996 1612 dies
2022 1548 2328 1613 auditum
2360 1568 2518 1612 esse
2550 1549 2736 1615 dice·

521 1649 666 1713 bat.
756 1665 931 1713 xlx.
973 1650 1085 1715 69.
1131 1650 1599 1727 Haecautem,
1639 1660 1714 1716 ut
1760 1670 1851 1715 ex
1901 1648 2321 1734 Apennino,f
2357 1652 2735 1729 fluminum,

523 1753 628 1817 sic
657 1772 743 1817 ex
785 1754 1118 1818 communi
1152 1754 1559 1837 sapientium
1593 1756 1779 1841 jugo,
1827 1762 1987 1819 sunt
2039 1752 2498 1817 doctrinarum
2554 1754 2737 1819 facta

527 1857 869 1933 divortia:
889 1865 907 1894 ¹
955 1864 1034 1921 ut
1060 1857 1471 1942 philosophi,
1503 1868 1824 1943 tanquam
1856 1859 1922 1921 in
1954 1876 2273 1942 superum
2315 1849 2503 1921 mare
2546 1857 2734 1922 Ioni-

522 1979 640 2024 um
659 1968 687 2005 Β
728 1959 1119 2037 defluerent,
1151 1958 1471 2025 Graecum
1502 1961 1867 2045 quoddam,
1896 1967 1962 2023 et
1993 1966 2382 2044 portuosum
2408 1960 2470 2041 3⁸
2519 1967 2739 2026 orato-

523 2082 630 2127 res
652 2070 676 2098 ²
721 2071 947 2127 autem
969 2063 1038 2126 in
1063 2063 1347 2127 inferum
1373 2063 1504 2129 hoc
1526 2075 1550 2102 ⁶
1591 2061 1947 2138 Tuscum,¹'
1978 2071 2049 2127 et
2072 2063 2455 2141 barbarum,
2493 2082 2738 2146 scopu-

523 2167 749 2231 losum
780 2174 981 2251 atque
1005 2166 1350 2253 infestum,
1396 2167 1798 2244 laberentur,
1840 2167 1907 2232 in
1938 2186 2073 2251 quo
2105 2168 2308 2231 etiam
2336 2167 2493 2249 ipse
2526 2167 2742 2251 Ulys-

525 2263 672 2332 sesi
714 2277 1022 2334 errasset.
1138 2270 1247 2333 ¹70.
1310 2268 1567 2349 Quare,
1620 2269 1680 2334 si
1730 2269 1860 2334 hac
1912 2269 2293 2354 eloquentia
2348 2275 2559 2353 atque
2613 2270 2738 2335 hoc

588 2453 732 2503 “Ex
753 2453 1011 2522 sapientia,
1048 2458 1272 2518 tanquam
1305 2469 1369 2506 ex
1399 2460 1559 2506 monte
1583 2455 1803 2520 quodam,
1824 2455 1930 2505 duoe
1945 2453 2231 2520 disciplim,
2253 2457 2308 2504 ut
2331 2455 2424 2505 duo
2434 2452 2708 2518 flumina,
2689 2468 2740 2502 tn

525 2519 768 2585 oppositas
786 2527 951 2582 partes
972 2521 1201 2569 derivata
1222 2525 1353 2570 sunt·

589 2582 610 2616 ὓ
644 2584 1124 2649 Partubusfrequens
1148 2591 1191 2634 et
1212 2586 1517 2635 commodum.

1449 2704 1752 2724 OOOOOOOOO
1755 2704 1815 2724 υ

1918 2593 1940 2619 ⁶
1973 2587 2135 2635 Mare.

525 2788 868 2864 dissenserunt,
891 2786 1304 2851 improbantibus
1344 2787 1533 2837 Pearc.
1569 2794 1627 2837 et
1665 2789 1878 2838 Schutz.
1916 2787 2123 2837 dissensi
2143 2786 2528 2838 Gulielm.—lo
2561 2787 2673 2836 Eri.
2698 2790 2744 2834 l.

526 2858 879 2967 mng‘xu,
950 2921 976 2966 1
1016 2917 1191 2966 Lamb.
1216 2918 1447 2967 devortier.
1514 2918 1664 2980 Mox,
1699 2932 1794 2980 pro
1834 2918 2081 2980 quoddam,
2115 2917 2241 2967 Ald.
2281 2916 2442 2966 habet
2481 2915 2742 2979 quiddam,-

526 2981 733 3031 Schntz.
754 2989 810 3031 et
833 2984 898 3031 al.
920 2982 1058 3045 conj.
1090 2984 1392 3045 quiderm—2
1428 2983 1616 3032 Pearc.
1651 2983 1786 3046 conj.
1822 2983 2051 3042 rhetores,
2088 2983 2235 3045 prob.
2266 2983 2479 3031 Schutz.
2544 2980 2742 3028 Censor

524 3047 558 3097 J
564 3047 769 3099 enensis
793 3048 932 3111 conj.
954 3054 1006 3096 ut
1025 3048 1144 3109 phil.
1171 3052 1209 3097 t.
1233 3048 1285 3096 in
1306 3063 1410 3112 sup.
1432 3063 1563 3097 mare
1583 3048 1696 3113 deti.
1716 3048 1938 3097 Grac-um
1974 3048 2185 3110 quietum
2206 3052 2253 3098 et
2283 3052 2412 3111 port.
2433 3050 2561 3094 orat.
2586 3053 2746 3108 autent

1526 3184 1741 3234 NOTAE

589 3289 612 3314 Θ
655 3280 779 3328 Hoec
815 3282 1050 3329 recentior
1090 3280 1371 3344 Academia]
1429 3281 1590 3331 Secta
1672 3281 2035 3330 Hadriaticum
2068 3281 2178 3329 sive
2202 3279 2531 3329 Hadrianum
2571 3291 2742 3337 mare;

525 3357 940 3419 philosophorum
959 3357 1258 3407 academica
1273 3358 1461 3421 triplex
1481 3360 1589 3406 vul·
1670 3373 1809 3408 nnuc
1832 3359 1972 3407 sinus
1990 3359 2246 3417 Venetus,
2270 3356 2455 3421 Golplte
2473 3356 2535 3405 de
2555 3355 2746 3415 Venise,

527 3447 593 3496 go
617 3432 984 3496 distinguitur:
1020 3442 1169 3481 vetus
1198 3434 1472 3483 Platonem
1503 3436 1591 3482 ha·

526 3512 619 3563 bet
640 3519 923 3568 auctorem,
951 3513 1121 3562 media
1144 3512 1484 3570 Arcesilaum,
1501 3527 1590 3562 no·

524 3604 593 3638 va
635 3588 895 3651 Lacyden.
975 3589 1106 3638 Qnae
1146 3604 1326 3638 revera
1364 3590 1589 3639 medinm

527 3668 732 3717 obtinet
764 3667 949 3722 locum,
987 3666 1238 3717 Arcesilai
1284 3668 1589 3730 Academia,

526 3746 719 3795 dicitur
752 3745 837 3794 hic
868 3744 1151 3807 recentior,
1171 3745 1349 3796 habita
1383 3746 1589 3796 ratione

526 3823 817 3872 Platonicae
836 3821 1142 3885 antiquioris
1166 3822 1485 3880 Academiae,
1501 3838 1589 3872 cn-

519 3898 610 3962 jus
633 3900 787 3962 paulo
807 3905 927 3946 ante
951 3898 1181 3946 meminit
1203 3899 1433 3947 Crassus.

591 3973 615 4005 f
639 3973 916 4039 Apennino]
960 3973 1264 4037 Apenninus
1297 3988 1442 4024 mons
1481 3990 1590 4023 am-

527 4052 786 4116 plissimus
811 4049 1015 4099 Italiam
1039 4049 1308 4113 perpetuis
1321 4051 1464 4114 jugis
1484 4067 1589 4100 me-

528 4127 667 4176 diam
702 4125 891 4174 dividit
918 4125 988 4174 ab
1010 4125 1232 4190 Alpibus
1258 4128 1323 4175 ad
1357 4128 1590 4177 Siculum

529 4202 740 4251 fretum.

592 4284 618 4320 s
654 4277 883 4341 Superum
915 4291 1045 4326 mare
1087 4278 1296 4343 Ionium]
1341 4279 1495 4332 Quod
1537 4289 1594 4332 et

1672 3437 1980 3499 appellatur.
2044 3436 2256 3485 Fluvios
2276 3450 2306 3484 a
2328 3434 2741 3498 septemtrionali

1674 3521 1822 3577 parte
1839 3513 2100 3577 Apennini
2116 3511 2404 3562 defluentes
2417 3514 2619 3575 excipit
2638 3512 2745 3561 Au-

1669 3591 1847 3651 fidum,
1863 3592 2102 3652 Sagram.
2123 3590 2396 3650 Aternum,
2420 3589 2746 3644 Metaurum,

1669 3668 1974 3723 Truentum,
1998 3667 2292 3722 Pisaurum,
2313 3668 2412 3714 dcc.

1733 3741 1758 3776 ¹¹
1785 3742 2009 3807 Tuscum]
2032 3742 2184 3793 Quod
2203 3742 2530 3805 Tyrrhenum
2550 3741 2746 3790 dicitnr

1670 3827 1723 3869 et
1741 3818 1971 3869 Inferum
1989 3835 2005 3869 ε
2036 3819 2137 3866 hue
2155 3817 2223 3866 ab
2240 3818 2453 3866 australi
2477 3816 2748 3879 Apennini

1671 3905 1821 3959 parte
1851 3897 2097 3944 labuntur
2128 3892 2274 3942 fluvii
2301 3893 2529 3954 Tiberis,
2549 3895 2745 3952 Arnus,

1670 3973 1861 4033 Ufens,
1885 3973 2039 4034 Liris,
2060 3971 2366 4031 Vulturnus,
2386 3961 2607 4025 Silarus,
2628 3973 2728 4018 &c-

1735 4050 1749 4084 ¹
1788 4048 2007 4114 Ulysses]
2041 4047 2158 4097 Rex
2191 4047 2409 4107 Ithacae,
2432 4047 2588 4095 heros
2625 4061 2745 4109 pru·

1672 4126 1855 4175 dentia
1897 4140 1957 4174 ac
1994 4123 2305 4173 fortitudine
2345 4124 2741 4172 celeberrimus.

1676 4207 1756 4256 De
1772 4220 1875 4270 quo
1898 4202 2012 4254 fuse
2039 4203 2298 4253 Homerus
2327 4211 2442 4252 tota
2470 4203 2736 4268 Odyssea.
