3020 4942
546 380 719 448 1158

545 562 784 606 nomen
820 543 1140 609 obtinuit:
1186 542 1426 609 deinde
1453 545 1542 608 ab
1577 543 2026 620 Antisthene,q
2073 546 2192 629 qui
2223 546 2645 631 patientiam,
2675 555 2737 614 et

544 645 862 710 duritiam
901 647 967 710 in
1001 646 1352 713 Socratico
1397 667 1699 712 sermone
1730 648 2028 713 maxime
2072 648 2439 722 adamarat.
2464 649 2737 734 Cynicir

545 749 853 831 primum,
877 748 1118 814 deinde
1148 750 1353 816 Stoici
1379 773 1393 814 :
1428 760 1566 815 tum
1590 751 1676 815 ab
1700 749 2101 835 Aristippo,⁸
2129 772 2328 835 quem
2358 753 2497 819 illae
2521 755 2737 836 magis

544 852 947 935 ‚voluptariae
980 851 1480 937 disputationes
1529 854 1965 929 delectarant,
2008 853 2389 939 Cyrenaica
2434 856 2738 940 philoso-

544 954 709 1037 phia
738 958 1056 1032 manavit,
1091 977 1293 1041 quam
1335 958 1449 1022 ille
1478 963 1544 1022 et
1572 956 1716 1041 ejus
1748 959 2002 1042 posteri
2044 958 2478 1042 simpliciter²
2520 959 2735 1023 defen-

545 1056 796 1134 derunt,
823 1060 895 1135 ii,
924 1062 1037 1143 qui
1084 1080 1257 1126 nunc
1288 1062 1632 1145 voluptate
1678 1062 1903 1126 omnia
1947 1062 2323 1140 metiuntur,
2353 1062 2510 1125 dum
2562 1082 2739 1126 vere-

541 1160 827 1226 cundius
880 1162 952 1226 id
1011 1168 1233 1244 agunt,
1286 1184 1411 1228 nec
1464 1164 1772 1246 dignitati
1822 1165 2304 1239 satisfaciunt,·
2348 1185 2552 1249 quam
2609 1185 2740 1229 non

543 1271 1006 1345 aspernantur,
1058 1285 1185 1330 nec
1238 1266 1655 1351 voluptatem
1681 1274 1702 1313 ³
1766 1273 2052 1343 tuentur,
2102 1287 2304 1350 quam
2367 1268 2741 1352 amplexari

540 1365 798 1430 volunt.
891 1367 1194 1433 Fuerunt
1224 1369 1423 1434 etiam
1456 1369 1591 1433 alia
1619 1388 1861 1452 genera
1889 1370 2470 1454 philosophorum,
2504 1371 2623 1454 qui
2674 1391 2742 1434 se

542 1486 771 1532 omnes
801 1469 990 1534 fere⁴
1031 1471 1426 1536 Socraticos
1449 1491 1598 1535 esse
1629 1471 1958 1553 dicerent3
2004 1471 2516 1551 Eretricorum,⁵
2537 1474 2558 1510 ‘
2603 1473 2738 1537 He-

539 1568 966 1648 rilliorum,⁶⁰
1011 1573 1560 1656 Megaricorum‚”
1612 1573 2248 1658 Pyrrhoneorum3w
2309 1576 2430 1640 sed
2482 1594 2569 1640 ea
2627 1575 2739 1639 ho-

1322 400 1400 446 M.
1446 401 1516 448 Τ.
1564 399 1967 450 CICERONIS

604 1750 639 1775 ¹⁰
671 1741 979 1806 Dignitatem
997 1747 1046 1793 et
1068 1744 1359 1794 honestatem
1378 1758 1490 1800 non,
1515 1749 1572 1793 ut
1589 1759 1679 1807 par
1700 1750 1791 1806 est,
1813 1748 2024 1793 tuentur.

1451 1864 1695 1884 ‘oenoe‘
1701 1864 1820 1883 ‘u‘

540 1948 690 2010 Mox,
717 1953 816 1997 tum
840 1948 1085 2012 Aristippo
1108 1949 1215 1998 Eri.
1242 1952 1388 1997 1.-2
1423 1948 1560 1996 Voc.
1594 1947 1874 2011 simpliciter
1902 1946 2052 1994 deest
2075 1946 2126 1993 iu
2153 1943 2331 1995 Guelf.
2355 1949 2405 1994 2.
2468 1945 2742 2009 Actutum,

539 2026 635 2073 pro
675 2013 1002 2071 defenderunt,
1024 2014 1157 2078 qnod
1199 2013 1393 2063 habent
1429 2014 1580 2062 Cant.
1609 2014 1752 2073 Wag.
1786 2012 1905 2061 edd.
1929 2019 2063 2059 vett.
2085 2026 2128 2060 a.
2154 2012 2187 2058 1.
2209 2020 2265 2059 et
2288 2027 2335 2059 a.
2360 2011 2506 2074 Lips.
2530 2012 2745 2060 Medici.
2807 2050 2810 2055 ,

537 2078 729 2127 Vener.
752 2078 917 2127 Rawl.
939 2085 995 2127 et
1017 2086 1239 2129 receutt.
1286 2080 1598 2139 defenderant
1619 2076 1796 2127 Gueif.
1817 2081 1867 2126 2.
1886 2081 1935 2127 8.
1962 2077 2071 2125 Eri.
2097 2081 2141 2125 1.
2157 2076 2409 2126 Waldarf.
2433 2075 2557 2125 And.
2594 2076 2629 2126 J
2637 2085 2744 2127 unt.

538 2142 722 2192 Lamb.
746 2143 900 2193 Grut.
962 2146 1110 2204 Tum,
1143 2145 1225 2207 hy,
1264 2159 1355 2207 pro
1393 2144 1431 2190 ii
1470 2144 1576 2193 Eri.
1616 2146 1759 2191 1.--3
1798 2142 1907 2191 Eri.
1935 2147 1979 2191 1.
2017 2142 2210 2190 omittit
2247 2157 2331 2191 nec
2367 2143 2744 2203 voluptatem.—

535 2212 567 2257 4
603 2209 685 2257 lta
721 2210 827 2258 Eri.
847 2214 894 2259 l.
915 2209 1035 2258 edd.
1059 2218 1189 2259 vett.
1208 2210 1356 2260 Junt.
1383 2210 1533 2258 Crat.
1556 2209 1702 2257 Man.
1722 2216 1779 2258 et
1804 2215 2026 2257 recentt.
2045 2208 2161 2266 sere
2187 2208 2271 2270 qui
2303 2221 2355 2255 ae
2391 2221 2553 2255 omnes
2586 2206 2740 2254 Grnt.

537 2281 593 2322 et
617 2273 875 2337 Verburg.
943 2276 1089 2332 Mox,
1137 2289 1231 2338 pro
1271 2275 1497 2330 dicerent,
1546 2276 1679 2337 qnod
1726 2275 1968 2323 Ernestio
2012 2272 2256 2335 debetur,
2290 2272 2511 2320 dicebant
2550 2272 2743 2319 habent

537 2339 688 2388 codd.
730 2340 886 2389 etiam
931 2340 1038 2390 Eri.
1076 2345 1122 2389 l.
1161 2340 1308 2390 Jnnt.
1353 2332 1532 2389 LamB.
1575 2340 1716 2389 Crat.
1758 2339 1913 2388 Grut.
1955 2340 2143 2388 Pearc.
2186 2338 2348 2385 al.—5
2385 2338 2744 2385 Ereti-incorum

537 2403 718 2455 Lamh.
737 2414 792 2456 et
812 2407 1000 2456 Pearc.
1063 2405 1390 2456 Eretricorum
1410 2402 1589 2454 Guelf.
1612 2409 1661 2455 2.
1684 2407 1732 2453 8.
1770 2405 1877 2453 Eri.
1904 2409 1951 2455 1.
1985 2402 2106 2453 edd.
2131 2410 2264 2453 vett.
2296 2402 2511 2452 Schntz.
2537 2401 2742 2451 Harlet.

1527 2527 1747 2586 NOTAE

535 2618 669 2666 tonis
712 2618 1017 2681 discipulus,
1059 2632 1212 2683 quem
1254 2617 1464 2667 otimulo
1512 2633 1594 2666 nr-

535 2695 759 2757 gendnm
806 2696 1015 2745 dicebat
1053 2696 1230 2757 Plato,
1266 2710 1381 2746 cum
1418 2694 1595 2744 fraenis

533 2769 797 2834 indigeret
859 2771 1186 2822 AristoteieS.
1287 2771 1594 2821 Admirabiii

534 2845 636 2906 fnit
669 2849 1012 2912 continentia,
1047 2849 1399 2899 moderatione
1430 2857 1484 2897 et
1520 2851 1591 2898 in·

533 2926 780 2987 tegi-itate
816 2926 957 2974 vitae.
1034 2926 1161 2976 Cum
1197 2935 1354 2976 noctu
1384 2926 1593 2975 incidis-

534 3009 617 3051 set
653 3002 704 3049 in
741 3002 955 3064 pelvim,
980 3002 1110 3052 obiit
1143 3018 1276 3051 anno
1310 3003 1480 3052 aetatis
1509 3007 1593 3052 82.

535 3075 747 3140 olymp.
770 3091 858 3126 cx.
884 3081 934 3127 2.
962 3088 1092 3127 «ante
1130 3080 1251 3129 Chr.
1284 3083 1398 3130 339.
1434 3080 1593 3143 Diog.

536 3152 792 3202 Laertius.
1515 3176 1520 3179 ’

598 3237 623 3269 ‘1
657 3231 966 3295 Antisthene]
999 3232 1102 3281 Hic
1125 3232 1472 3292 Atheniensis,
1489 3234 1594 3284 dis·

533 3307 737 3368 cipulus
766 3308 983 3371 primum
1015 3311 1263 3375 Socratis,
1287 3327 1438 3376 quem
1472 3327 1593 3361 con·

493 3380 689 3431 'fectis
745 3385 976 3448 quotidie
1025 3388 1366 3451 quadraginta
1409 3389 1594 3438 stadiis

534 3458 718 3509 andire
749 3462 929 3511 solitus
962 3470 1106 3525 erat;
1141 3470 1249 3513 tum
1279 3465 1592 3528 Cynicorum

534 3545 718 3586 auctor
739 3536 857 3600 fnit.
927 3539 1129 3591 Flornit
1149 3544 1292 3591 annis
1317 3552 1439 3592 ante
1470 3543 1592 3592 Chr.

534 3612 746 3663 circiter
768 3620 882 3666 340.
917 3618 1176 3668 Laertino.

598 3696 618 3723 Γ
655 3692 849 3757 Cynici]
885 3693 1274 3758 Philosophisic
1293 3693 1595 3751 dicti,teste

532 3766 818 3833 Empirico,
835 3769 970 3835 quod
995 3786 1177 3820 canum
1202 3771 1364 3820 instar
1387 3779 1592 3821 tueren-

499 3839 620 3891 'tnr
654 3844 830 3907 honos,
854 3849 1014 3896 maios
1050 3847 1389 3897 invaderent:
1432 3863 1594 3913 quan·

534 3935 687 3984 qnam
714 3937 742 3970 a
766 3923 974 3986 Cynicis
1004 3924 1155 3971 alieni
1181 3938 1269 3972 eos
1292 3939 1479 3973 nomen
1504 3924 1591 3971 ha-

531 3998 706 4048 buisse
740 3999 983 4051 dicebant
1024 4015 1055 4050 a
1095 4001 1277 4050 canina
1321 4001 1594 4065 impuden-

532 4075 626 4123 tia.

595 4163 615 4187 ⁸
649 4156 921 4222 Aristippo]
957 4158 1010 4207 Is
1041 4157 1320 4222 Cyrenaeus
1362 4173 1391 4207 e
1433 4159 1591 4222 Cyre·

531 4230 684 4279 naiea
722 4231 914 4283 Africae
953 4235 1183 4297 regione,
1220 4235 1446 4284 Socratis
1483 4249 1593 4284 sec·

533 4311 638 4355 tam
669 4307 1001 4373 philosophus
1025 4311 1287 4374 amplexus
1309 4320 1419 4360 est:
1455 4312 1594 4364 omni

1677 2618 1810 2673 ioco,
1836 2614 2078 2679 tempori,
2101 2629 2164 2666 ac
2183 2628 2420 2679 persouae
2443 2614 2741 2672 serviebat;

1676 2706 1837 2756 qnare
1857 2699 1911 2741 et
1928 2693 2179 2757 Dionysio
2196 2705 2367 2747 carus,
2383 2698 2437 2739 et
2452 2705 2485 2740 a
2505 2690 2743 2753 Diogene

1677 2769 1850 2831 regius
1893 2769 2036 2817 canis
2081 2768 2252 2818 dictus
2295 2775 2396 2817 est.
2485 2767 2745 2817 Inclarnit

1677 2844 1817 2894 circa
1853 2844 2067 2909 olymp.
2104 2858 2236 2895 xcv.
2258 2845 2419 2893 annis
2455 2852 2584 2894 ante
2622 2844 2743 2895 Chr.

1676 2925 1792 2972 400.
1839 2922 2014 2971 Laert.
2099 2923 2441 2986 Voluptatem
2489 2936 2746 2971 summum

1676 2998 1887 3059 bonnm,
1901 2999 2132 3049 dolorem
2151 3013 2404 3048 summum
2424 2999 2619 3047 malum
2641 3013 2747 3047 esse

1677 3075 1871 3134 docuit,
1892 3084 1949 3127 ut
1974 3076 2137 3127 tradit
2155 3077 2340 3127 Cicero
2357 3077 2519 3125 Tuae.
2541 3077 2745 3127 Quaest.

1676 3154 1714 3203 1.
1740 3168 1802 3202 11.

1742 3231 1759 3263 ⁸
1787 3229 2139 3295 Eretricorum]
2178 3231 2225 3280 A
2264 3230 2583 3279 Menedemo
2623 3231 2746 3279 Ere·

1678 3307 1837 3357 triate
1861 3309 2097 3373 (Eretria
2119 3317 2290 3356 autem
2312 3308 2602 3356 Thessaliae
2625 3306 2745 3354 urbs

1675 3387 1784 3448 est)
1812 3386 2035 3435 Eretrici
2072 3384 2354 3449 philosophi
2403 3393 2528 3433 sunt
2561 3385 2747 3448 appel-

1674 3461 1799 3510 lati=
1855 3477 2073 3526 quorum
2118 3476 2269 3510 omne
2315 3460 2527 3522 bonum,
2576 3461 2748 3523 inquit

1675 3538 1874 3586 Tunius
1911 3529 2073 3586 Acad.
2097 3537 2295 3587 Quaest.
2318 3538 2352 3585 1.
2377 3550 2453 3585 lv.
2478 3537 2529 3584 in
2566 3546 2745 3585 mente

1678 3614 1923 3677 positum,
1954 3622 2009 3663 et
2049 3614 2236 3662 mentis
2273 3614 2388 3661 acie
2422 3628 2526 3676 qna
2566 3629 2745 3662 verum

1675 3700 1997 3741 cerneretur.
2074 3691 2288 3753 Septem
2329 3690 2532 3740 dierum
2573 3692 2749 3740 inedia

1676 3774 1893 3817 mortem
1938 3768 2037 3816 sibi
2078 3768 2350 3829 conscivit,
2382 3783 2543 3817 annos
2592 3780 2746 3819 natus

1675 3848 1756 3893 84.
1794 3844 2049 3894 Laertius.
2101 3833 2354 3894 'Celebris
2388 3844 2493 3894 fuit
2527 3846 2747 3910 Olymp.

1675 3934 1764 3970 cx.
1787 3923 1934 3969 annis
1958 3928 2078 3978 ante
2102 3921 2223 3971 Chr.
2247 3925 2362 3969 340.

1742 4004 1763 4029 “
1801 3996 2141 4060 Her-illiorum]
2189 3997 2422 4047 Herillus
2469 3998 2745 4064 Carthagi·

1674 4076 1869 4124 niensis
1895 4075 2231 4138 philosophus
2263 4089 2517 4123 summum
2554 4076 2746 4125 bonnm

1675 4153 1728 4201 in
1755 4152 2050 4215 cognitione
2077 4159 2131 4200 et
2157 4150 2371 4200 scientia
2395 4152 2593 4212 posuit.
2619 4153 2743 4202 Dio·

1677 4244 1851 4296 genes.
1920 4229 2071 4278 Vixit
2093 4229 2238 4276 annia
2261 4236 2381 4276 ante
2406 4228 2529 4280 Chr.
2549 4234 2665 4279 260.

1728 4315 1752 4341 v
1770 4308 2149 4374 Megaricorum]
2161 4307 2346 4358 Cicero
2360 4306 2531 4372 Aead.
2544 4309 2741 4363 Queat.
