3020 4942
1004 360 1103 410 nn
1151 359 1530 421 onumen,
1582 361 1635 409 1.
1675 345 1785 413 34.
2360 341 2489 411 881

296 513 699 574 occurrunt:
763 524 1132 590 omnesque
1197 506 1574 592 sententiae,
1630 508 1983 590 verbaque,
2019 506 2267 586 omnia,
2328 529 2484 592 quae

301 622 454 678 sunt
479 612 587 696 cuj
598 630 804 695 usque
833 611 1092 693 ¹generis
1122 610 1418 674 maxime
1437 607 1467 688 ¹⁶
1510 609 1827 686 illustria,
1858 611 1985 675 sub
2016 601 2293 675 acumen
2325 612 2488 696 styli

299 712 631 780 subeantf
667 722 738 780 et
787 713 1155 779 succedant
1202 732 1482 778 necesse
1540 719 1678 778 est:
1732 722 1874 790 tum
1926 715 2079 797 ipsa
2134 714 2488 780 collocatio

300 818 875 901 conformatioque
906 819 1266 890 verborum
1287 816 1627 900 perficitur
1656 816 1725 879 in
1752 816 2129 894 scribendo,
2164 837 2295 882 non
2327 817 2491 901 poe..

297 922 458 995 tico,
510 919 629 983 sed
676 918 969 1003 quodam
1019 921 1303 985 oratorio
1351 939 1627 984 numero
1674 925 1741 983 et
1783 919 2005 1003 modo.
2095 920 2249 984 152.
2308 920 2507 987 Haee.

299 1030 472 1099 sunt,
521 1041 670 1105 quae
718 1021 1044 1086 clamores
1099 1028 1167 1088 ct
1211 1021 1690 1087 admirationes
1742 1021 1811 1086 in
1864 1022 2062 1088 bonis
2114 1010 2491 1092 oratoribus

299 1124 619 1201 efficiunt,
658 1143 879 1208 neque
923 1145 1006 1190 ea
1036 1125 1422 1209 quisquam,
1452 1124 1584 1189 nisi
1617 1125 1735 1189 diu
1757 1126 1782 1168 ⁷
1824 1125 2239 1209 multumque
2274 1126 2493 1209 scrip-

298 1229 558 1301 titarit,e
597 1228 859 1291 etiamsi
901 1228 1485 1294 vehementissime
1530 1247 1603 1291 se
1644 1228 1710 1290 iu
1750 1226 1854 1291 his
1900 1229 2143 1292 subitis
2183 1227 2490 1294 dictioni*

296 1332 427 1393 bus
458 1330 848 1407 exercuerit,
880 1337 1362 1412 consequetur:
1410 1336 1480 1393 et
1514 1330 1649 1413 ,qui
1680 1348 1725 1394 a
1762 1315 2099 1410 scribendi
2140 1338 2494 1396 consuetu-

297 1432 448 1496 dine
476 1431 562 1496 ad
591 1431 953 1496 dicendum
1001 1431 1234 1509 venitl·
1278 1430 1454 1496 hauc
1487 1431 1679 1496 affert
1708 1430 2118 1511 facultatem,
2149 1439 2249 1511 ut,
2280 1434 2491 1498 etiam

298 1534 526 1599 subito
568 1534 630 1597 si
660 1533 892 1611 dicat,⁸
937 1541 1162 1598 tamen
1201 1533 1343 1612 illa,
1386 1552 1542 1620 quae
1572 1533 1899 1612 dicantur,
1935 1535 2179 1601 similia
2208 1535 2494 1619 scripto-

297 1656 445 1700 rum
501 1652 659 1700 esse
706 1635 1093 1718 videantur3
1141 1625 1341 1719 atque
1392 1636 1622 1714 etiam,
1664 1636 1725 1700 si
1768 1636 2044 1719 quando
2090 1636 2162 1702 in
2200 1636 2494 1713 ¹dicendo

297 1740 623 1820 scriptum
654 1738 982 1803 attulerit⁶
1027 1737 1310 1823 aliquid,
1355 1759 1512 1804 cum
1542 1738 1628 1801 ab
1668 1758 1751 1804 eo
1792 1739 2204 1819 discesserit,
2236 1741 2498 1825 reliqua

299 1840 546 1906 similis
599 1839 817 1906 oratio
876 1849 1377 1925 consequetur.,1·
1463 1843 1613 1906 153.
1669 1840 1768 1906 Ut
1817 1841 2153 1907 concitato
2203 1835 2496 1926 narigio,

299 1961 462 2006 cum·
487 1943 768 2024 remiges
796 1942 1346 2022 inhibueruntpfl
1390 1943 1642 2010 retinet
1681 1951 1902 2010 tamen
1944 1944 2103 2027 ipsa
2132 1946 2324 2009 navis
2351 1965 2497 2010 mo-

299 2050 443 2108 tum
462 2051 529 2109 et
553 2065 821 2110 cursum
847 2065 1068 2124 suum,
1093 2045 1468 2111 intermisso
1491 2045 1747 2130 impetu
1774 2047 2113 2130 pulsuque
2139 2066 2494 2112 remorum:

300 2149 400 2212 sic
458 2147 530 2211 in
575 2148 873 2212 oratione
918 2153 1322 2231 perpetua,¹0
1366 2167 1519 2213 cum
1570 2149 1829 2233 scripta
1880 2147 2217 2227 deficiunt,
2264 2169 2511 2233 parem

300 2256 519 2316 tamen
557 2239 825 2315 obtinet
865 2253 1081 2316 oratio
1126 2251 1384 2334 reliqua
1423 2269 1714 2329 cursum,
1753 2252 2151 2336 scriptorum
2176 2252 2495 2342 *similitu-

304 2350 455 2416 dine
508 2362 580 2418 ct
617 2355 686 2418 vi
725 2356 1084 2419 concitata.
1157 2369 1465 2424 xxxiv,
1510 2354 1661 2420 154.
1702 2354 1792 2422 ,In
1832 2354 2240 2439 quotidianis
2276 2361 2496 2424 autem

356 2576 391 2619 s
420 2577 768 2640 Eat-pendantur
785 2579 843 2628 ab
866 2595 917 2630 eo
942 2579 1024 2644 qui
1042 2578 1210 2629 scribit
1227 2584 1442 2629 accurate
1461 2595 1519 2629 ac
1535 2594 1624 2643 per
1638 2578 1804 2629 otium.

366 2651 393 2684 τ
426 2642 562 2706 Saepe
584 2644 844 2706 scripserit.
1482 2682 1489 2691 .

366 2706 393 2740 1·
430 2708 528 2762 Qui
542 2707 660 2756 aicit
676 2710 858 2771 publice
874 2713 1118 2772 postquam
1133 2708 1355 2771 privatim
1377 2708 1570 2772 scripsit
1589 2709 1811 2773 plurimu.
1936 2707 1957 2747 ι’
1991 2706 2302 2757 Recitaverit.

355 2771 379 2812 J'
411 2772 550 2821 Licet
567 2773 753 2835 aliquid
773 2775 904 2823 dicae
924 2789 1017 2823 non
1037 2774 1284 2838 scriptum,
1304 2774 1461 2825 simile
1480 2774 1558 2825 illi
1577 2776 1642 2824 cit
1664 2776 1788 2838 qnod
1808 2771 1921 2824 ante
1939 2774 2169 2837 acriptum
2187 2772 2438 2823 attulerat.

367 2835 392 2870 ¹³
426 2837 688 2887 Desierunt
709 2853 861 2889 remos
888 2839 1143 2904 impellere.

1220 2983 1584 3005 Ommu

302 3086 400 3139 —'-6
425 3087 599 3140 Oxon.
622 3106 677 3151 ry,
698 3086 1064 3153 uniuscujusque
1076 3090 1268 3153 generis
1287 3091 1698 3157 maximeque.—⁷
1722 3091 1870 3140 Unus
1891 3106 1974 3154 ap.
1994 3090 2161 3141 Orell.
2183 3089 2278 3138 nisi
2296 3088 2380 3153 qui
2399 3089 2502 3139 diu·

301 3160 399 3204 —8
434 3156 619 3205 Erl.'l.
653 3156 808 3204 subito
836 3156 1082 3205 dicate-9
1116 3159 1131 3182 ‘
1153 3156 1431 3205 Lambinus
1456 3165 1603 3206 recte
1627 3157 1828 3206 notavit
1854 3156 2130 3220 legendum
2153 3156 2498 3216 sustinuerunt,

303 3234 425 3280 nou,
449 3229 507 3268 ut
532 3221 705 3284 vulgo,
723 3219 1065 3271 inhibuerunt?
1099 3220 1288 3270 Pearc.
1334 3227 1349 3250 ⁶
1374 3222 1606 3279 Ernesti,
1628 3230 1786 3287 atque
1810 3222 1860 3270 in
1885 3222 2039 3284 longa
2063 3228 2187 3271 uota
2211 3221 2500 3276 SchutziuS,

306 3286 636 3335 vindicarunt
669 3287 717 3333 h.
756 3286 793 3334 l.
829 3289 1091 3349 vulgatum
1125 3286 1462 3336 inhibuerunt?
1496 3288 1648 3336 Harl.
1681 3287 2000 3336 adhibuerunt
2040 3287 2145 3335 Erl.
2171 3291 2217 3335 1.
2283 3287 2345 3336 In
2383 3286 2502 3335 cod.

304 3352 412 3400 Eri.
432 3355 483 3400 2.
523 3357 605 3400 est
637 3364 850 3412 magnus
885 3348 1125 3400 foliorum
1148 3351 1535 3402 defectum—10
1574 3354 1697 3403 voc.
1730 3357 1958 3416 perpetua
1989 3353 2141 3403 deest
2173 3353 2226 3402 in
2252 3352 2424 3403 Oxou.
2444 3367 2500 3412 γ.

311 3417 466 3479 Mox,
496 3421 653 3466 tamen
673 3415 850 3466 retinet
880 3413 1060 3467 Guelf.
1226 3427 1229 3433 ’

1294 3530 1345 3581 N
1353 3529 1518 3583 O'rAE

366 3651 387 3676 ⁸
419 3640 757 3706 Inhibuerunt]
792 3642 856 3691 In
898 3643 1049 3706 hujus
1091 3643 1232 3692 vocis
1273 3649 1374 3692 no-'
1443 3642 1717 3709 ejusmodi,
1740 3642 1896 3692 didici
1917 3643 2048 3699 heri,
2088 3656 2203 3692 cum
2240 3640 2302 3690 ad
2328 3641 2502 3693 villam

306 3721 450 3770 tione
486 3719 763 3783 deceptum
800 3719 920 3768 olim
955 3733 1012 3768 se
1042 3717 1205 3770 fuisse
1230 3719 1363 3771 fate·
1443 3727 1673 3770 nostram
1736 3720 1882 3768 navis
1942 3720 2314 3783 appelleretur.
2382 3719 2502 3769 Non

305 3803 389 3845 tur
429 3795 618 3845 Cicero
647 3795 714 3843 ad
749 3794 863 3845 Att.
899 3809 1031 3845 xm.
1066 3800 1150 3847 21.
1182 3796 1199 3822 ‘
1221 3796 1362 3846 Inhl-
1444 3797 1580 3847 enim
1616 3796 1892 3851 sustinent,
1932 3796 2024 3844 sed
2057 3795 2158 3844 alio
2177 3793 2331 3842 modo
2352 3794 2504 3843 remi-

302 3872 430 3921 bere
474 3869 602 3921 illud
647 3878 808 3929 tuum,
860 3873 995 3936 quod
1052 3872 1200 3922 valde
1239 3873 1397 3922 milri‘
1445 3881 1609 3936 gant:
1645 3871 1698 3921 id
1716 3873 1786 3922 ab
1810 3872 1974 3935 ἐποχῇ
2004 3869 2396 3920 remotissimum
2420 3877 2505 3920 est

304 3950 570 4012 arriserat,
603 3949 940 3998 vehementer
967 3949 1247 4014 displicet:
1277 3957 1365 4000 est
1447 3982 1463 3998 .
1488 3983 1500 3998 .
1526 3981 1541 3998 .
1563 3947 1810 3998 Inhibitio
1833 3956 2002 3998 autem
2026 3947 2275 4008 remigum
2307 3954 2517 3995 motum-

305 4026 443 4075 enim
467 4026 675 4075 verbum
691 4033 855 4076 totum
873 4027 1153 4077 nauticum.
1190 4026 1365 4078 Quan-
1443 4024 1619 4087 habet,
1642 4030 1697 4074 et
1714 4024 2158 4074 vehementiorem
2182 4022 2407 4087 quidem,
2423 4037 2498 4074 re·

310 4117 474 4166 quam-
502 4101 553 4152 id
580 4102 785 4166 quidem
819 4104 1077 4154 sciebam:
1113 4105 1203 4154 sed
1225 4104 1363 4154 arbi·
1444 4101 1742 4166 migetionis
1798 4114 1979 4151 navem
2031 4100 2386 4153 convertentis
2437 4099 2503 4150 ad

311 4172 487 4229 trabar-
509 4180 759 4229 sustineri
783 4193 968 4244 remos,
992 4196 1108 4230 cum
1131 4180 1364 4230 inhibere
1443 4176 1695 4242 puppim-⁹

307 4264 485 4307 essent
518 4258 742 4320 remiges
776 4257 929 4319 jussi.
981 4258 1059 4308 -Id
1099 4272 1198 4308 non
1248 4271 1363 4307 esse

381 4388 390 4398 ,
436 4339 613 4404 Delph.
632 4343 682 4387 et
709 4335 825 4387 Var.
849 4338 980 4387 Clas.
1080 4372 1085 4384 .
1304 4337 1489 4387 Cicero.
2256 4339 2286 4383 3
2321 4333 2372 4382 K
