3020 4942
2447 267 2467 295 δ

1027 341 1124 388 nn
1168 340 1548 399 ORATORE,
1596 341 1677 388 ιι.
1721 327 1825 389 12.
2334 377 2339 381 .
2387 330 2521 394 967·

338 486 591 551 homini
623 485 867 551 diserto
896 485 963 549 in
994 483 1328 567 ejusmodi
1358 487 1557 551 rebus
1586 486 1900 564 facultas,
1931 502 2021 552 ex
2051 489 2292 555 ceteris
2314 489 2518 554 rehu-s

340 595 410 653 et
457 590 680 653 causis
725 595 1131 671 comparata.
1217 589 1327 653 50.
1372 589 1550 672 Ergo
1601 590 1815 664 itemst
1872 590 2109 672 inquit,
2164 591 2305 668 illa,
2365 612 2518 674 quae

232 691 244 703 ’
343 711 532 774 saepe
562 691 810 763 diserte
836 691 1088 773 agenda
1115 702 1300 769 sunt,
1323 698 1394 755 et
1426 712 1582 774 quae
1611 712 1732 773 ego
1762 692 1962 775 paulo
1995 697 2142 757 ante
2167 691 2352 777 (cum
2384 694 2518 759 elo-

339 793 692 877 quentiam
722 793 1090 872 laudarem)
1124 793 1268 857 dixi
1299 789 1578 859 oratoris
1607 814 1784 866 esse,
1813 815 2021 878 neque
2048 796 2295 861 habent
2321 816 2519 860 suum

277 876 290 900 μ’
342 894 791 959 ΙοοιιωκυΠιηῑι
822 895 888 958 in
916 895 1245 959 divisione
1279 896 1590 978 partium,
1616 917 1831 978 neque
1861 906 2113 963 certum
2148 907 2519 982 praecepto-

343 1015 486 1060 rum
519 994 751 1074 genus,
779 1003 848 1061 et
876 996 1133 1078 agenda
1161 1003 1310 1065 sunt
1335 1017 1465 1061 non
1496 999 1714 1064 minus
1733 1000 2003 1077 diserte,
2038 1019 2237 1084 quam
2266 1021 2417 1085 quae
2449 1001 2519 1063 in

340 1097 464 1162 lite
510 1098 838 1177 dicuntur,
872 1099 1272 1184 objurgatio,
1303 1101 1697 1180 cohortatio,
1730 1103 2104 1171 consolatio
2131 1126 2146 1166 t
2169 1109 2194 1150 5
2240 1122 2523 1187 quorum

341 1200 504 1265 nihil
545 1209 672 1279 est,
704 1202 882 1284 quod
931 1223 1062 1267 non
1105 1223 1365 1269 summa
1415 1205 1676 1269 dicendi
1717 1211 2104 1271 ornamenta
2152 1206 2520 1271 desideret:

343 1306 460 1370 sed
496 1296 586 1369 ex
618 1305 898 1371 artificio
944 1325 1053 1370 res
1101 1308 1249 1373 istae
1291 1314 1626 1392 praecepta
1663 1330 1792 1374 non
1834 1312 2196 1394 quaerunta·
2286 1308 2525 1386 Plane,

342 1408 559 1491 inquit
587 1407 883 1483 Catulu8‚
917 1410 1266 1475 assentior.

428 1511 541 1574 51.
588 1509 729 1592 Age
758 1531 937 1591 vero,
966 1513 1180 1597 inquit
1210 1513 1566 1591 AntoniuS‚
1601 1508 1821 1597 qualis
1851 1513 2153 1590 oratoris,
2199 1519 2267 1576 et
2296 1512 2526 1595 quanti

340 1596 681 1677 hominis
662 1632 728 1676 ln
759 1612 1067 1693 dicende,
1100 1622 1296 1698 putas
1331 1635 1504 1693 esse,
1537 1616 1877 1681 historiam
1909 1615 2242 1680 scrihere?
2319 1614 2416 1690 Si,
2447 1602 2529 1687 ut

341 1714 577 1780 Graeoi
623 1717 1058 1799 scripserunt,
1109 1717 1400 1794 summi?
1443 1719 1653 1802 inquit
1695 1717 2028 1781 Catulus:
2075 1718 2135 1781 si
2164 1723 2238 1779 ut
2266 1713 2527 1792 nostri‚⁶

340 1819 505 1882 nihil
536 1837 713 1900 opus
742 1824 840 1882 est
870 1825 1171 1889 oratore:
1203 1822 1370 1884 satis
1402 1830 1694 1901 est‚flnon
1726 1840 1874 1884 esse
1908 1811 2327 1884 mendacem*
2404 1815 2526 1882 At-

341 1921 486 2005 qui,
521 1918 604 1984 ne
635 1931 891 1986 nostros
922 1928 1328 1998 contemnas,
1359 1924 1576 2008 inquit
1606 1923 1971 1998 AntoniuS‚
2002 1920 2230 1986 Graeci
2260 1939 2527 2005 quoque

344 2023 500 2087 sie⁷
545 2024 735 2093 initio
794 2025 1269 2108 scriptitarunt,
1319 2031 1393 2090 ut
1441 2034 1668 2091 noster
1717 2026 1950 2102 Cat0‚¹²
2007 2029 2083 2088 ut
2130 2024 2408 2099 Pictor,⁰
2449 2029 2528 2087 ut

344 2125 567 2190 Piso.p
649 2129 759 2192 52.
806 2126 967 2193 Erat
1017 2129 1189 2193 enim
1241 2128 1518 2194 historia
1563 2130 1723 2194 nihil
1764 2128 1965 2206 aliud,
2023 2128 2150 2192 nisi
2193 2127 2524 2220 annalium

402 2342 424 2375 1
461 2334 575 2382 Non
602 2336 734 2385 debet
751 2351 835 2385 urs
854 2337 1061 2386 oratoria
1081 2337 1193 2387 istis
1214 2339 1350 2388 rebus
1378 2338 1571 2402 propria
1589 2342 1822 2401 proecepta
1835 2352 2026 2401 ponere,
2043 2336 2272 2400 siquidem
2292 2334 2531 2402 sufficiunt

338 2401 624 2449 communia.

411 2461 436 2496 ἕ
465 2463 522 2514 δι’
545 2465 617 2514 ila
638 2464 871 2516 scribatur
885 2466 1102 2529 historia,
1122 2468 1197 2518 uti
1211 2483 1314 2522 eam
1331 2467 1557 2531 scripsere
1577 2465 1758 2523 Grac-i,
1775 2481 2000 2518 summum
2019 2473 2248 2517 oratorem
2266 2465 2530 2524 desidera&

342 2536 417 2580 ent
438 2530 561 2579 enim
582 2531 641 2580 ab
662 2532 760 2581 illis
780 2537 942 2582 ornate
958 2534 1149 2596 scripto.

1258 2659 1617 2682 OOOOOOOOOOO

414 2762 551 2810 CAP.
577 2774 682 2810 xn.
730 2766 756 2810 1
780 2760 961 2826 Steph-
979 2769 1033 2810 et
1055 2760 1233 2811 Lamb.
1266 2767 1350 2812 aut
1369 2762 1471 2811 ab’
1452 2777 1548 2825 imp
1550 2766 1746 2811 eratore.
1751 2765 1848 2811 —2
1882 2759 1990 2810 Erl.
2011 2762 2056 2809 l.
2087 2758 2332 2819 q‘usmodi.
2383 2758 2529 2817 Mox,

346 2826 486 2875 idem
510 2826 676 2874 codex
702 2834 756 2874 et
780 2827 955 2876 Lamb.
989 2828 1132 2875 etiam
1164 2843 1289 2892 pars.
1276 2832 1388 2875 .-3
1424 2828 1645 2883 Minime,
1666 2828 1821 2890 iuquit
1843 2824 2042 2875 Catulus
2065 2825 2172 2874 Erl.
2198 2826 2244 2870 1.
2294 2822 2440 2879 Mox,
2462 2822 2528 2871 ab

345 2893 467 2942 cod.
509 2894 596 2939 abs
603 2899 693 2940 unt
726 2890 937 2950 facultas
974 2907 1036 2940 ex
1072 2893 1239 2941 ceteris
1278 2892 1429 2940 rebus.
1433 2896 1529 2941 -4
1563 2893 1699 2952 Ergo
1728 2892 1852 2940 enim
1876 2888 2051 2940 Guelf.
2075 2893 2122 2938 3.
2186 2889 2333 2951 Mox,
2353 2888 2531 2937 diserta

345 2962 559 3019 aguntur
581 2957 689 3005 Eri.
715 2959 740 3003 1
749 2963 909 3005 .—5·
934 2956 995 3004 In
1012 2958 1181 3006 Er1.1.
1206 2964 1287 3005 est
1313 2958 1495 3005 lacuna
1519 2966 1676 3021 usqne
1699 2957 1762 3005 ad
1788 2959 1815 3020 ς
1838 2960 1922 3004 60.
1940 2955 2032 3003 sed
2048 2954 2289 3017 suppleta
2308 2962 2388 3001 est
2412 2959 2531 3014 post

345 3023 573 3072 medium
619 3020 893 3070 volumen·'
931 3022 1172 3071 ΗΜΛ-6
1206 3022 1362 3071 Sicuti
1403 3023 1527 3072 Gr..
1579 3023 1731 3072 micat
1757 3022 1910 3070 nostri
1941 3020 2062 3069 edd.
2093 3028 2220 3077 vett.
2243 3026 2297 3067 et
2321 3021 2530 3068 1584.—

346 3092 378 3137 7
415 3088 583 3136 Groeaei
603 3101 780 3151 quoquc
801 3101 893 3149 ipsi
927 3087 995 3135 sic
1030 3084 1211 3136 Guelf.
1232 3091 1281 3136 3.
1307 3088 1395 3137 alii
1430 3054 1582 3139 codd.
1602 3102 1717 3138 eum
1744 3086 1863 3136 edd.
1888 3086 2073 3150 Steph.
2098 3074 2281 3135 Lamb.
2302 3084 2452 3134 Muli.
2475 3088 2531 3133 et

1332 3226 1545 3276 NOTAE

412 3323 437 3349 ¹·
476 3316 543 3365 Ut
582 3320 741 3385 noster·
780 3312 924 3378 cato]
956 3314 1041 3366 De
1078 3329 1178 3379 quo
1213 3314 1399 3364 Cicero
1478 3314 1720 3377 Quintus,
1741 3321 1802 3362 ut
1840 3327 1911 3363 ex
1947 3311 2186 3375 Appiano
2224 3317 2369 3361 recte
2390 3310 2534 3362 colli.

351 3393 475 3442 fuse
498 3392 548 3440 in
573 3392 756 3441 Bruto.
1479 3393 1555 3453 git
1578 3392 1811 3440 Vossius.
1879 3390 1943 3439 In
1969 3390 2222 3439 Romanos
2246 3388 2360 3451 plus
2380 3400 2529 3450 aeqno

412 3477 438 3502 ⁰
476 3469 544 3519 Ut
567 3468 760 3534 Pictor]
796 3468 942 3519 Fabii
959 3466 1241 3520 clarissima
1254 3481 1400 3530 gens,

348 3552 488 3599 teste
509 3546 685 3595 Plinio
707 3558 889 3596 xxxv.
912 3550 962 3595 4.
1014 3545 1281 3598 Pictorum
1306 3559 1398 3594 no·

346 3636 467 3672 men
499 3637 652 3671 exeo
678 3628 969 3685 traxerunt,
992 3621 1128 3687 quod
1157 3622 1399 3685 princeps

346 3700 460 3762 ejus
504 3698 820 3762 cognominis
853 3699 963 3761 ipse
1000 3698 1164 3747 aedem
1206 3697 1398 3747 Salutis

348 3776 525 3840 pinxit
559 3777 626 3825 A.
647 3777 715 3825 U.
736 3776 795 3825 C.
816 3779 931 3827 450.
970 3782 1096 3825 ante
1127 3774 1251 3828 Chr.
1286 3778 1399 3823 304.

349 3856 439 3904 Ex·
459 3854 627 3904 Fabiis
648 3853 948 3903 Pictor-ibus
971 3854 1099 3902 nlius
1122 3851 1285 3902 adem
1306 3854 1399 3903 Sa-

347 3932 474 3981 lutis
513 3931 699 3994 pinxit,
730 3931 857 3980 aliu·
889 3931 1209 3980 consulatum
1239 3930 1400 3992 gessit

349 4022 469 4058 cum
523 4007 772 4071 Ogulnio,
812 4007 940 4056 alius
987 4005 1399 4070 jurisconsultus,

348 4084 501 4147 alius,
524 4083 592 4132 de
624 4098 724 4147 quo
746 4083 856 4147 jam
889 4084 1106 4146 agimus,
1126 4083 1402 4132 historicus

347 4162 473 4223 fuit,
494 4161 535 4209 si
568 4161 710 4211 Livio
744 4160 1022 4217 credimus,
1060 4160 1402 4223 ‘scriptorum

1476 3481 1764 3531 propensus
1791 3466 1840 3515 in
1879 3464 2214 3515 describendo
2254 3465 2388 3514 bello
2424 3464 2530 3513 Pu-

1477 3543 1596 3592 nico
1631 3537 2127 3605 Carthaginiensium
2149 3541 2361 3604 gloriam
2388 3554 2530 3603 saepe

1477 3619 1685 3670 deterit.
1750 3618 1812 3667 In
1837 3632 1938 3676 quo
1961 3614 2358 3679 reprehenditur
2381 3616 2531 3668 aPo·

1476 3696 1635 3761 lybio.
1699 3695 1903 3750 Floruit
1942 3693 2008 3743 A.
2047 3694 2114 3743 U.
2160 3694 2223 3743 C.
2257 3697 2369 3743 530.
2408 3701 2531 3742 ante

1479 3775 1603 3825 Chr.
1623 3777 1738 3824 224.

1543 3857 1569 3891 1’
1601 3849 1744 3912 Piso]
1779 3849 1837 3898 L.
1859 3824 1985 3897 Piso
2019 3847 2034 3876 ‘
2054 3847 2134 3896 vir
2168 3852 2316 3896 tanta
2340 3845 2532 3895 virtute

1479 3935 1639 3992 atque
1675 3925 1977 3989 integritate
2014 3922 2151 3980 fuit?
2188 3930 2320 3973 teste
2341 3922 2531 3984 Tullio,

1477 4006 1493 4033 ‘
1514 4009 1574 4053 ut
1614 4004 1770 4054 etiam
1792 4002 1911 4054 ‘illis
1947 4000 2155 4063 optimis
2193 3997 2532 4063 temporibus,

1480 4095 1596 4131 cum
1615 4079 1873 4130 hominem
1895 4077 2123 4126 invenire
2140 4091 2352 4141 nequam
2371 4078 2533 4127 nemi·

1481 4172 1600 4207 nem
1625 4169 1817 4220 posses,
1839 4154 1972 4204 solus
1994 4161 2164 4203 tamen
2188 4154 2345 4217 Frugi
2369 4152 2533 4203 nomi·

346 4236 770 4303 antiquissimus}
821 4238 905 4296 cui
952 4252 1248 4303 praenomen
1292 4243 1405 4288 erat
1481 4232 1728 4298 notetur?
1795 4232 1984 4283 Consul
2028 4229 2131 4282 fuit
2149 4229 2216 4285 A.
2235 4228 2400 4283 ΠΟ..
2417 4233 2534 4284 621·
