3020 4942
511 338 685 406 1118
1281 355 1362 405 Μ.
1409 356 1479 403 T.
1527 355 1934 406 crona-oms
1981 359 1992 382 τ

513 498 674 576 vim,
724 502 795 563 et
846 509 1083 563 nomen
1137 498 1842 565 accommodabuntur.
1901 496 2558 566 ⁴346.⁴'Gratissima‘
2596 521 2717 567 au-

513 608 650 672 tem
709 602 861 666 laus
908 621 1133 667 eorum
1187 602 1515 666 'factorum
1537 602 1858 679 babetur,
1902 623 2058 686 quae
2114 610 2460 688 suscepta·
2481 605 2716 672 ,viden-

512 712 620 769 tur
648 725 690 768 a
721 706 882 769 viris
912 704 1198 772 fortibus
1236 705 1379 769 sine
1427 706 1872 770 emolumento
1905 726 1986 770 ac
2009 703 2331 789 praemio:
2378 721 2536 789 quae
2563 726 2720 771 vero

511 808 716 872 etiam
742 828 894 872 cum
925 808 1156 872 labore
1187 816 1254 873 et
1283 808 1626 891 periculo⁵
1656 808 1983 891 ipsorum,
2007 808 2156 873 haec
2186 809 2430 873 habent
2459 811 2718 873 uberri-

509 929 692 974 mam
722 911 987 994 copiam
1019 910 1104 974 ad
1135 910 1538 975 laudandum
1566 931 1585 990 ;
1629 910 1806 993 quod
1827 907 1908 975 'et
1938 910 2076 974 dici
2108 911 2533 975 ornatissime
2568 932 2719 995 pos-

513 1019 691 1091 sunt,
723 1018 791 1077 et
826 1012 1039 1078 audiri
1081 1012 1420 1077 facillime.
1490 1012 1613 1077 ‘Ea
1653 1014 2143 1098 enimdenique
2184 1016 2402 1079 virtus
2431 1034 2591 1079 esse
2624 1016 2720 1078 vi·-

513 1111 711 1179 detur
738 1115 1125 1198 -praestantis
1155 1112 1334 1190 viri,⁶
1378 1134 1533 1199 quae
1583 1122 1689 1179 est
1728 1114 2067 1180 fructuosa
2118 1114 2293 1191 aliis,
2325 1116 2464 1197 ipsi
2497 1117 2721 1181 autem

510 1216 877 1294 laboriosa,
899 1226 1017 1281 aut
1045 1216 1449 1301 periculosa,
1481 1223 1600 1281 aut
1632 1225 1814 1281 certe
1846 1219 2186 1300 gratuita.-
2222 1217 2483 1299 Magn'a
2513 1218 2721 1282 etiam

512 1319 636 1384 illa
655 1328 680 1369 ⁷
724 1320 892 1395 lauS,
926 1328 995 1383 et
1024 1318 1438 1384 admirabilis
1471 1319 1684 1383 videri
1712 1319 1907 1396 solet,
1946 1320 2180 1384 tulisse
2208 1339 2411 1385 casus
2442 1321 2721 1403 sapien-

507 1428 605 1487 ter
633 1421 1144 1497 adversossnon
1171 1421 1458 1487 fractum
1490 1434 1652 1487 esse*
1685 1421 1970 1500 fortuna,
1999 1423 2353 1487 retinuisse
2400 1424 2470 1485 in
2520 1425 2721 1487 rebus

513 1524 779 1607 asperis
826 1525 1237 1607 dignitatem.
1325 1523 1478 1589 347.
1527 1524 1773 1608 Neque
1823 1533 2050 1589 tamen
2103 1525 2221 1588 illa
2266 1544 2424 1589 non·
2457 1534 2724 1605 ornant,

511 1626 728 1693 hahiti
756 1626 1059 1702 honoreS,
1093 1626 1363 1691 decreta
1394 1627 1661 1692 virtutis
1685 1627 1710 1666 ⁸
1756 1628 2060 1712 praemia,
2102 1647 2207 1692 res
2256 1636 2512 1709 gestae,
2538 1627 2724 1712 judi-

512 1729 640 1796 ciis
668 1731 1007 1794 hominum
1035 1730 1481 1812 comprobatae
1514 1752 1529 1791 ε
1575 1731 1644 1793 in
1678 1729 1925 1814 quibus
1957 1730 2157 1795 etiam
2196 1728 2591 1795 felicitatem
2624 1731 2725 1814 ip-

473 1852 685 1909 ·sam‚
716 1832 1016 1896 Deorum
1063 1831 1532 1895 immortalium
1571 1831 1836 1914 J’udicio
1885 1831 2719 1909 tribua-laudationisest.

514 1935 873 1999 Sumendae
904 1942 1169 1999 autem⁹
1213 1952 1321 1997 res
1368 1942 1563 1997 erunt
1601 1940 1717 1999 a'ut
1754 1934 2218 2015 magnitudine
2250 1935 2727 2016 praestabiles,²

514 2044 633 2101 aut
661 2038 959 2101 novitate
989 2038 1247 2120 primae,
1274 2044 1389 2100 aut
1414 2057 1650 2120 genere
1676 2038 1831 2121 ipso
1860 2036 2263 2119 singulares:
2295 2055 2512 2119 neque
2541 2039 2722 2101 enim

512 2159 773 2222 parvae,
821 2160 1036 2223 neque
1074 2139 1385 2216 usitatae,
1433 2159 1656 2223 neque
1705 2139 2039 2220 vulgareS,
2093 2138 2553 2218 admiratione,
2609 2148 2726 2205 aut

516 2242 781 2306 omnino
831 2242 1031 2306 laude
1083 2241 1306 2322 dignae
1351 2241 1567 2306 videri
1617 2241 1855 2306 solent.
1942 2240 2266 2307 348.›Est
2313 2242 2520 2306 etiam
2569 2262 2720 2306 cum

515 2346 756 2411 ceteris
817 2343 1297 2428 praestantibus
1356 2344 1520 2408 viris
1582 2344 2016 2429 comparatio,
2037 2351 2092 2381 ¹⁰
2120 2352 2149 2379 ¹²
2209 2343 2282 2407 in
2310 2343 2722 2409 'laudatione

1436 2533 1551 2554 ‘000
1558 2533 1613 2552 θ’
1619 2533 1761 2554 &Ono
1764 2533 1793 2553 O

515 2653 670 2716 aliqua
691 2667 831 2717 usque
849 2653 1063 2703 virtuti&
1066 2657 1162 2702 —5
1199 2652 1307 2702 Erl.
1331 2657 1378 2703 1.
1401 2658 1456 2702 et
1480 2649 1663 2700 Lamb.
1685 2665 1745 2699 ae
1764 2649 1991 2714 periculo.
1994 2653 2092 2699 —6
2124 2647 2307 2698 Lamb.
2324 2648 2423 2696 viri
2443 2651 2725 2711 praestaaeuis

514 2720 671 2795 virtus
705 2733 804 2767 esse
838 2719 1043 2768 videtur.
1107 2719 1258 2781 Mox,
1300 2718 1394 2781 ipsi
1428 2722 1515 2766 aut
1557 2715 1790 2766 laboriosa
1824 2714 2005 2766 Guelf.
2041 2718 2089 2766 1.
2124 2722 2181 2764 et
2212 2715 2290 2764 sic
2323 2714 2475 2764 dedit
2514 2715 2730 2764 Sebutz.

515 2754 2727 2911 ⁵52².1‘}3¹‘{’2·'..3“‘03?.t}'“'1⁸“&aaz0333.2²·‘2fsszzff‘0M2ss1⁸2252222551553

516 2911 698 2963 Lamb.
721 2913 848 2976 legit
864 2915 1123 2976 patienter.
1125 2917 1221 2963 —8
1256 2913 1436 2963 Lamb.
1461 2920 1517 2961 et
1546 2911 1760 2960 Schutz.
1777 2910 1972 2961 virtuti.
1978 2914 2071 2958 -9
2102 2908 2352 2959 Sumendoe
2374 2911 2526 2960 etiam
2549 2910 2725 2959 Guelf.

515 2982 566 3027 1.
572 2982 698 3028 -10
732 2979 844 3031 Erl.
867 2982 913 3027 1.
936 2978 1117 3028 viribus
1146 2977 1478 3042 comprobatio.
1545 2976 1695 3028 Idem
1728 2975 1897 3027 codex
1927 2991 2048 3026 mox
2084 2974 2241 3025 habet
2274 2966 2466 3025 libitum
2498 2976 2620 3026 milti
2640 2981 2727 3032 est,

1507 3158 1729 3209 NOTAE

583 3254 602 3287 ⁸
631 3252 731 3302 Res
750 3258 889 3303 erunt
917 3259 1000 3303 aut
1020 3254 1347 3317 magnitudine
1370 3259 1574 3318 presta·
1658 3253 1998 3305 Constantino
2032 3252 2267 3317 Augusto
2305 3250 2334 3312 ς
2375 3257 2425 3300 5.
2466 3252 2726 3315 ‘Magnus

518 3330 656 3392 biles,
688 3330 796 3395 ἐγὼ]
848 3332 1123 3395 Egregium
1149 3333 1356 3397 aliquod
1379 3332 1575 3383 factum

517 3406 584 3454 ad
605 3405 808 3455 laudem
829 3406 1176 3469 amplificandi
1193 3408 1504 3459 Aristoteles
1524 3409 1576 3458 in

516 3481 666 3532 libris
720 3483 1114 3534 Rhetoricorum
1173 3493 1292 3534 octo
1347 3485 1575 3534 rationes

518 3558 722 3621 aperit:
758 3562 805 3610 1.
826 3559 878 3607 Si
901 3559 1016 3624 quis
1036 3561 1178 3610 solus
1201 3575 1309 3610 rem
1332 3562 1577 3625 gesserit.

517 3640 567 3687 2.
612 3635 669 3685 Si
712 3637 820 3700 quis
857 3638 1074 3700 primus.
1139 3641 1186 3688 3.
1228 3637 1430 3702 Siquis
1456 3651 1575 3687 cum

517 3712 716 3776 paucis.
779 3717 830 3764 4.
864 3713 1056 3779 Siquis
1087 3715 1375 3780 praeeipue.
1437 3720 1487 3765 5.
1520 3716 1579 3766 Si

517 3789 632 3853 quis
662 3795 898 3854 tempore
920 3799 1228 3855 opportuno.
1293 3795 1344 3841 6.
1379 3792 1436 3842 Si
1463 3793 1575 3857 quis

518 3864 724 3914 crebro.
788 3869 839 3915 7.
876 3865 931 3916 Si
948 3868 1062 3931 quis
1089 3866 1210 3916 ideo
1234 3881 1396 3917 novos
1418 3866 1578 3917 hono·

518 3953 605 3988 res
628 3941 850 4006 adeptus
871 3944 956 3991 sit.
1021 3947 1074 3992 8.
1109 3943 1168 3993 si
1200 3943 1314 4007 quis
1343 3943 1418 3993 ita
1438 3958 1575 3993 com-

518 4024 737 4079 paretur
757 4033 873 4068 eum
897 4020 1018 4068 viris
1039 4018 1346 4083 illustribus,
1367 4028 1427 4070 ut
1443 4033 1577 4084 prte-

519 4089 737 4144 feratur.

585 4177 610 4202 ¹¹
646 4169 975 4236 Comparatio]
990 4172 1156 4225 Quam
1172 4173 1473 4238 eloquenter
1488 4175 1578 4224 atl-

520 4245 685 4297 hibuit
737 4249 966 4302 incertus
1027 4256 1210 4301 auctor
1263 4251 1578 4318 Panegyrici

1658 3331 1979 3394 Alexander,
2012 3345 2127 3380 cum
2168 3336 2363 3394 praeter
2397 3329 2725 3380 Macedonas

1653 3422 1775 3458 snos
1796 3417 2001 3458 cunctat
2036 3407 2283 3471 Graedae,
2320 3406 2566 3456 universo
2596 3407 2724 3471 llly-

1655 3485 1764 3535 rico
1797 3483 2222 3535 innumerabilem
2256 3482 2519 3532 delectum
2542 3494 2726 3547 posset

1657 3561 1907 3618 indicere,
1949 3573 2209 3624 nunquam
2245 3557 2471 3621 majores
2506 3557 2724 3621 quadra-

1658 3639 1802 3701 ginta
1833 3637 2046 3687 millium
2080 3634 2260 3698 copias
2294 3633 2467 3692 duxit,
2496 3633 2723 3683 inhabile

1660 3712 1863 3781 regenti
1903 3719 2044 3761 ratus
2072 3709 2319 3775 quicquid
2343 3710 2643 3772 excederet,
2666 3718 2727 3760 et

1659 3787 1860 3838 turbam
1886 3788 2060 3852 potius
2084 3800 2236 3850 quam
2266 3786 2577 3836 exereitum.
2640 3787 2725 3836 Tu

1657 3878 1783 3913 vero
1818 3865 1975 3914 etiam
2008 3863 2291 3912 minoribus
2324 3865 2488 3928 copiis
2524 3864 2727 3915 bellum

1657 3943 1820 3991 multo
1842 3942 2007 4005 majus
2029 3955 2297 4003 aggressus
2316 3955 2397 4002 es;
2419 3948 2573 3991 tanto
2587 3943 2727 3992 scili-

1658 4026 1745 4070 cet
1766 4025 1858 4069 tua
1875 4020 2063 4067 virtute
2080 4017 2293 4080 propria
2315 4016 2504 4080 potior,
2527 4025 2725 4081 quanto

1659 4097 1745 4146 ille
1768 4110 1984 4146 numero
2015 4092 2334 4142 instructior.
2400 4092 2472 4141 Et
2493 4092 2585 4141 llle
2614 4094 2726 4156 qui.

1660 4172 1779 4222 dem
1802 4181 1985 4222 contra
2020 4173 2161 4221 leves
2200 4166 2386 4217 Medos
2418 4174 2475 4216 et
2499 4167 2724 4218 Partho·

1661 4265 1772 4301 runi
1803 4264 1947 4300 arma
1978 4246 2208 4306 volatica
2241 4251 2298 4295 et
2328 4243 2592 4297 Asiaticos
2628 4262 2725 4312 op·
