3020 4942
551 343 683 410 926
1319 357 1395 404 M.
1444 357 1514 404 r.
1563 355 1884 405 cronon
1901 354 1965 403 ts

551 506 650 571 les
688 509 759 569 et
802 502 944 586 apti
998 502 1084 566 ad
1129 501 1392 585 pedem,
1443 502 1608 586 quia
1647 521 1781 565 non
1826 506 2045 564 essent
2075 497 2340 577 viriles:
2399 498 2503 563 sic
2553 498 2725 566 illam

554 607 926 672 orationem
989 606 1301 669 disertam
1358 605 1485 669 sibi
1544 611 1611 670 et
1667 605 2022 668 oratoriam
2072 601 2303 678 videri,
2362 603 2631 686 sortem.
2666 612 2726 669 et

549 709 804 773 virilem
842 727 978 772 non
1007 706 1237 774 videri.
1327 707 1505 786 Ergo
1555 707 1667 771 ille
1717 725 1991 790 quoque
2033 705 2391 770 damnatus
2433 719 2579 770 est:
2621 727 2727 772 ne-

551 819 727 896 que³
775 810 995 876 solum
1041 791 1270 893 primis
1321 809 1696 885 sententiiS,
1744 808 1990 892 quibus
2038 815 2291 871 tantum
2350 810 2728 876 statuebant

539 913 829 997 judices,
865 912 1275 986 damnarent,
1321 929 1408 974 an
1455 906 1900 986 absolverent,
1941 909 2059 973 sed
2105 910 2313 974 etiam
2363 910 2521 984 illis,
2570 931 2728 994 quas

547 1018 837 1081 iterump
891 1015 1151 1097 legibus
1195 1014 1362 1077 serre
1413 1013 1764 1077 debebant.
1867 1011 2020 1077 232.
2073 1012 2237 1077 Erat
2296 1014 2476 1076 enim
2528 1011 2729 1081 Athe-

545 1119 673 1197 nis,
714 1138 826 1183 reo
872 1119 1206 1194 damnato,
1238 1117 1296 1180 si
1340 1116 1523 1179 fraus
1566 1116 1875 1198 capitalis
1916 1134 2049 1179 non
2095 1120 2293 1194 esset,
2341 1117 2541 1198 quasi
2590 1137 2727 1202 poe·

543 1239 650 1285 noe
678 1228 710 1268 4
753 1221 1106 1284 aestimatio
1133 1225 1194 1279 :¹¹
1236 1224 1307 1281 et
1353 1218 1676 1282 sententia
1719 1236 1872 1281 cum
1904 1216 2256 1301 judicibus
2289 1217 2584 1297 daretur,
2634 1222 2726 1283 in-

545 1323 1003 1406 terrogabatur
1040 1331 1247 1398 reus:
1290 1339 1495 1403 quam
1527 1320 1724 1404 quasi
1763 1321 2272 1385 aestimationem
2296 1324 2323 1364 ⁵
2366 1340 2727 1388 commeru-

540 1425 677 1489 isse
706 1445 778 1489 se
806 1423 1105 1490 maxime⁴
1130 1422 1584 1488 confiteretur:
1632 1423 1813 1508 quod
1842 1443 1994 1488 cum
2024 1424 2460 1506 interrogatus
2491 1425 2726 1489 Socra-

540 1536 641 1591 tes
669 1533 897 1603 esset,r
939 1525 1301 1611 respondit,
1332 1545 1481 1590 sese
1528 1524 1894 1601 meruisse,s
1935 1532 2014 1590 ut
2048 1526 2487 1609 amplissimis
2527 1528 2722 1592 hono·

541 1628 730 1693 ribus
779 1636 851 1694 et
880 1629 1182 1713 praemiis
1220 1628 1669 1705 decoraretur,
1697 1635 1768 1693 et
1796 1626 1906 1693 ei⁶
1947 1629 2637 1712 victusquotidianus
2661 1633 2725 1695 in

540 1730 882 1817 Prytaneo
902 1733 922 1769 ²
963 1733 1229 1816 publice
1276 1733 1726 1815 praeberetur-3
1782 1733 1904 1817 qui
1947 1732 2158 1797 honos
2209 1734 2392 1816 apud
2443 1732 2724 1798 Graecos

539 1836 873 1909 maximus
902 1836 1237 1901 habetur.⁷
1320 1835 1471 1900 233.
1519 1832 1730 1920 Cujus
1756 1854 2084 1920 responso
2115 1835 2215 1900 sic
2233 1835 2502 1920 judices
2540 1856 2723 1900 exar-

538 1940 814 2016 serunt}
860 1947 939 2004 ut
993 1940 1243 2022 capitis
1283 1931 1612 2003 hominem
1658 1939 2282 2004 innocentissimum
2329 1939 2722 2005 condemna-

602 2102 627 2127 ⁰
657 2096 814 2144 Juxta
835 2097 1117 2146 sententiam
1136 2096 1555 2160 condemnationis,
1576 2111 1682 2147 cam
1706 2112 1853 2161 poeaoe
1879 2097 2138 2147 estimatio
2164 2096 2319 2147 dando
2338 2096 2721 2163 essetjudicibioe,

536 2161 927 2222 interrogabatur
945 2176 1071 2211 reas.

602 2224 625 2257 ⁶
654 2226 717 2274 In
736 2241 843 2276 eum
863 2228 1091 2277 concitati
1110 2232 1240 2277 sant.

1446 2321 1656 2343 “000“
1661 2323 1685 2343 Ι
1689 2323 1716 2342 θ
1720 2322 1809 2346 ”O

532 2434 584 2479 et
619 2434 833 2479 ornatum
872 2429 1027 2479 videri
1058 2430 1368 2483 Selium-3
1402 2432 1509 2482 Eri.
1537 2436 1582 2482 1.
1614 2433 1864 2482 domnam
1883 2437 1956 2482 est
1977 2446 2090 2482 non.
2157 2431 2306 2491 Mox,
2326 2430 2379 2480 in
2404 2431 2586 2482 eodem
2609 2432 2717 2483 cod.

531 2495 707 2544 iterum
730 2496 908 2557 legibus
920 2495 1171 2556 serra—4
1186 2500 1201 2525 ‘
1216 2498 1452 2547 Lambin.
1478 2498 1620 2548 delet
1639 2498 1763 2548 illud
1782 2514 1932 2562 poenoe
1944 2514 1965 2556 ,·
1980 2496 2171 2548 recte.⁸·
2183 2499 2355 2548 Pearc.
2391 2500 2407 2526 ⁸
2431 2499 2719 2548 Deleudum

533 2561 783 2609 censebat
818 2561 999 2611 Lamb.
1032 2576 1134 2611 non
1160 2571 1332 2612 tamen
1356 2563 1590 2613 delevit?
1628 2565 1778 2613 Orell.
1844 2565 1980 2626 quasi
2011 2578 2132 2627 pena
2151 2577 2208 2612 ea
2235 2563 2530 2613 existimatio
2556 2565 2659 2613 Erl.
2679 2568 2720 2612 1.

534 2626 684 2689 Mox,
705 2641 767 2674 ex
786 2627 1020 2676 sententia
1043 2627 1152 2677 Erl.
1177 2633 1222 2678 1.
1243 2630 1392 2681 Junt.
1408 2632 1553 2679 Crat.
1570 2630 1773 2678 Victor.
1799 2630 2005 2679 Manat.
2027 2629 2183 2678 Grut.
2217 2628 2318 2676 hoec
2339 2630 2575 2678 mtentia
2600 2630 2716 2677 Ver·

532 2690 685 2753 burg.
741 2706 795 2740 ea
829 2691 1064 2741 sententia
1096 2695 1230 2756 conj.
1260 2694 1426 2744 Orell.
1459 2701 1507 2744 et
1544 2694 1781 2744 sententia
1819 2694 1939 2742 edd.
1975 2703 2106 2742 vett.
2171 2692 2330 2753 Dein,
2350 2707 2448 2755 pro
2466 2693 2719 2753 judicibus,

531 2766 652 2804 uter
688 2770 752 2804 ue
775 2755 1005 2806 Gronov.
1029 2759 1156 2821 legit
1180 2758 1564 2809 vindicibus.-5
1599 2760 1729 2809 Voc.
1761 2759 1896 2823 quasi
1923 2758 2284 2808 animationem
2304 2760 2501 2808 delevit
2520 2759 2721 2810 Scbutz.

531 2826 631 2870 —6
685 2829 738 2870 ta
760 2822 917 2870 etiam
940 2822 1089 2872 Harl.
1123 2830 1170 2872 et
1193 2830 1246 2873 at
1268 2825 1313 2874 ei
1337 2824 1488 2874 codd.
1505 2835 1560 2872 et
1578 2823 1698 2873 edd.
1721 2832 1852 2874 vett.
1876 2831 1891 2853 ‘
1909 2827 2018 2873 etei
2039 2824 2243 2873 Ernest.
2265 2838 2442 2874 errore
2466 2823 2719 2889 typogni’

535 2886 790 2935 orest—⁷
826 2886 841 2913 ‘
864 2888 946 2936 Ex
968 2887 1266 2950 conjectura
1290 2890 1559 2952 cujusdam
1584 2890 1724 2938 docti
1753 2888 1937 2938 Cicero
1957 2889 2167 2953 scripsit
2188 2889 2401 2952 habetur,
2425 2894 2505 2938 vel
2531 2890 2720 2940 habebo·

529 2951 648 2999 ὑφ’
680 2951 871 3001 Pearc.
935 2952 952 2981 ⁸
976 2951 1150 3018 Atque
1171 2954 1257 3003 bic
1279 2954 1428 3004 dedit
1456 2956 1509 3003 in
1534 2965 1785 3005 contextu
1805 2953 2073 3004 haberetur.
2134 2954 2239 3004 Sed
2262 2955 2475 3005 Ernesti
2497 2969 2565 3004 ex
2586 2958 2717 3020 inge-

1523 3066 1741 3119 NOTAE

593 3162 621 3195 Ρ
653 3154 996 3212 emicet-mio,
1019 3157 1125 3220 ea]
1160 3157 1360 3209 Quibus
1382 3156 1449 3207 de
1479 3172 1585 3220 ρω-
1732 3165 1753 3191 ῑ
1785 3158 2117 3221 Interrogatus
2144 3158 2361 3209 Socrates
2381 3158 2551 3222 esset]¹
2584 3159 2718 3210 Hinc

530 3244 597 3279 na
641 3237 948 3289 statuerent,
980 3241 1034 3282 et
1073 3236 1392 3284 aestimarent
1435 3251 1585 3299 quam
1668 3234 1928 3298 colligitur
1937 3235 2200 3298 judicibus
2223 3235 2277 3284 id
2303 3236 2469 3299 primo
2496 3239 2721 3302 proposi-

531 3308 702 3370 gravis
719 3309 939 3359 deberet
953 3322 1087 3360 esse.
1137 3310 1201 3360 ld
1218 3320 1389 3362 antem
1406 3312 1584 3375 fiebat,
1669 3323 1775 3363 tum
1813 3312 1988 3383 fnisse,
2020 3322 2079 3363 ut
2115 3314 2356 3364 Socrates
2397 3329 2500 3364 non
2533 3317 2719 3381 capitis

529 3397 646 3433 cum
670 3382 809 3434 fraus
832 3386 1067 3449 capitalis
1090 3403 1193 3438 non
1212 3396 1343 3446 erat,
1360 3405 1449 3440 seu
1466 3405 1581 3440 cum
1664 3406 1784 3440 reus
1800 3384 1992 3441 mulcta
2003 3391 2174 3455 aliqua
2187 3398 2391 3442 tantum
2405 3391 2717 3444 afficeretur.

528 3460 726 3513 crimen
749 3462 924 3524 capite
964 3464 1295 3527 plectendum
1328 3481 1428 3516 non
1452 3474 1585 3516 erat.
1665 3467 1735 3517 Et
1780 3480 1905 3516 vero
1955 3476 2136 3517 narrat
2169 3466 2406 3519 Laertius
2442 3469 2519 3519 sic
2565 3472 2718 3520 inter-

522 3535 772 3601 Alioquin
786 3540 1110 3601 gravioribus
1127 3543 1334 3592 delictis
1350 3552 1462 3593 erat
1477 3559 1585 3608 poe·
1667 3552 1903 3606 rogatum
1958 3544 2228 3593 Socratem
2285 3545 2616 3607 respondisse
2666 3559 2718 3595 se

525 3610 593 3661 na
624 3615 806 3677 capitis
845 3617 1045 3681 legibus
1079 3621 1367 3670 constituta
1389 3628 1443 3670 et
1470 3635 1584 3670 cer·
1665 3618 1935 3669 drachmas
1961 3620 2386 3683 vigintiquinque
2404 3622 2715 3670 soluturum:

527 3696 615 3739 ta:
642 3691 718 3739 bis
742 3692 899 3754 igitur
911 3697 1224 3746 senteutiam
1242 3697 1483 3748 ferebant
1497 3698 1586 3762 ju·
1667 3695 2096 3745 tumultuantibus
2129 3703 2301 3744 autem
2320 3695 2584 3758 judicibus
2608 3698 2715 3745 dix-

525 3772 701 3821 dices:
725 3774 886 3822 semel
916 3788 1033 3824 cum
1063 3775 1379 3825 damnabant
1408 3790 1586 3841 reum3
1664 3771 1763 3820 isse
1786 3786 1842 3821 se
1866 3771 2079 3836 dignum
2109 3771 2196 3837 qui
2235 3772 2288 3821 in
2323 3773 2592 3837 Prytaneo
2616 3773 2713 3837 ale-

523 3849 709 3899 iterum
732 3864 848 3900 cum
875 3866 1073 3914 poenam
1098 3852 1508 3903 constituebant.
1664 3857 1830 3897 retur.

586 3932 612 3966 ‘¹
645 3925 808 3974 Poenoe
841 3927 1120 3992 estimatio]
1179 3928 1403 3991 Proprie
1446 3928 1581 3978 aesti-‘
1725 3932 1744 3957 ⁸
1776 3924 1890 3974 Sese
1910 3925 2157 3989 meruisse]
2192 3925 2310 3975 Hoc
2339 3925 2626 3976 desumtnm
2647 3938 2707 3972 ex

522 4003 682 4051 matio
728 4003 779 4051 in
821 4017 878 4052 re
924 4002 1116 4054 forensi
1155 4019 1218 4055 ac
1255 4005 1469 4068 judiciis
1514 4005 1581 4055 ad
1665 4001 1889 4050 Platone
1910 4002 1962 4051 in
1984 4002 2248 4066 Apologia
2267 4003 2517 4051 Socratis·

522 4076 796 4139 pecuniam
835 4085 889 4127 et
925 4081 1148 4141 pretinm
1183 4087 1406 4144 spectat,
1441 4083 1579 4146 quod
1726 4084 1743 4115 ‘
1765 4084 2031 4147 Prytaneo]
2047 4085 2214 4132 Locus
2230 4080 2469 4144 Athenis,
2485 4082 2565 4132 ubi
2587 4079 2702 4144 pub·

522 4154 731 4201 mulctae
767 4155 974 4206 nomine
1012 4171 1105 4208 reo
1138 4156 1462 4223 pendendum
1488 4160 1581 4210 im·
1662 4160 1764 4210 lico
1804 4168 1973 4210 sumtu
2008 4159 2283 4210 alebantur
2315 4161 2370 4223 ii,
2397 4161 2486 4226 qui
2518 4158 2580 4209 de
2601 4171 2699 4220 rep·

520 4229 753 4294 Ρθῦἰῑῦῐ·
1663 4239 1858 4304 optime
1876 4238 2049 4295 meriti
2069 4247 2260 4289 essent.
