3020 4942
998 388 1092 436 ou
1141 381 1528 446 ‹marom-3,
1567 384 1694 432 111.
1746 369 1851 433 12.
2347 367 2521 431 1149

316 537 571 598 tantum
618 533 684 596 in
722 529 879 596 ‘illa
916 532 1078 596 urbe
1135 539 1433 617 remanet
1478 530 1883 608 studiorum,
1936 529 2182 614 quibus
2226 537 2520 596 vacant*

317 636 559 711 civeS,‘¹
603 636 935 718 peregrini
965 634 1285 711 fruuntur,
1316 635 1496 717 capti
1523 633 2015 724 quodammodo
2044 635 2309 698 nomine
2335 635 2521 697 urbis

319 747 385 805 et
441 740 885 803 auctoritate:
933 745 1160 801 tamen
1206 738 1698 800 eruditissimos
1748 735 2058 801 homines
2111 735 2518 802 Asiaticosv

317 843 538 925 quivis
583 842 1022 906 Atheniensis
1051 841 1388 912 indoctus,
1432 859 1570 903 non
1617 840 1864 916 verbis,
1915 840 2039 903 sed
2087 859 2253 903 sono
2302 842 2520 916 vociS,

318 964 443 1008 nec
486 950 623 1008 tam
663 945 858 1018 bene,
891 964 1092 1027 quam
1146 945 1438 1007 suaviter
1482 943 1854 1026 loquendo,
1902 942 2105 1032 facile
2154 943 2525 1026 superabit.

320 1048 565 1114 Nostri
597 1048 810 1112 minus
842 1048 1113 1113 student
1135 1048 1373 1124 literis,
1396 1067 1601 1136 quarn
1632 1046 1860 1111 Latini
1887 1057 1943 1111 :⁴
1989 1055 2210 1111 tamen
2235 1068 2323 1111 ex
2350 1048 2521 1125 istis,

319 1170 494 1234 quos
519 1151 756 1227 nostiS,
782 1147 1110 1228 urbanis!
1148 1152 1211 1214 in
1242 1151 1489 1233 quibus
1520 1149 1868 1213 minimum
1896 1155 2004 1214 est
2029 1149 2390 1224 literarum,
2413 1169 2524 1212 ne-

317 1273 428 1318 mo
464 1259 597 1329 est,
630 1255 789 1337 quin
820 1254 1349 1318 literatissimum
1382 1260 1766 1335 togatorum
1798 1252 2149 1330 omnium}
2196 1251 2284 1330 Q.
2318 1250 2523 1317 Vale·

324 1356 497 1420 rium
544 1355 937 1433 Soranum,w
962 1356 986 1393 ⁸
1032 1358 1311 1421 lenitate
1338 1358 1529 1419 vocis
1561 1361 1759 1439 atque
1799 1356 1952 1439 ipso
2000 1355 2137 1420 oris
2184 1373 2423 1439 pressu
2460 1362 2526 1419 et

320 1476 489 1522 sono
515 1457 541 1495 '⁸
571 1457 774 1523 facile
805 1460 1055 1524 vincat.
1130 1476 1277 1524 xri.
1311 1461 1420 1522 44.
1449 1458 1681 1538 Quare
1714 1479 1866 1523 cum
1891 1461 1981 1524 sit
2009 1459 2316 1543 quaedam
2343 1463 2525 1523 certa

316 1580 455 1625 vox
480 1561 772 1626 Romani
799 1555 1059 1643 generis
1078 1564 1398 1646 urbisque
1424 1562 1719 1646 propria,
1740 1564 1811 1626 in
1838 1581 1975 1645 qua
2005 1562 2166 1626 nihil
2196 1561 2487 1638 offendi,⁸'
2503 1568 2522 1601 ¹

318 1663 484 1727 nihil
517 1664 901 1747 displicere,
943 1664 1105 1728 nihil
1136 1666 1568 1730 animadverti
1591 1673 1619 1702 ²
1641 1666 1894 1748 possit,
1935 1665 2103 1729 nihil
2135 1684 2376 1730 sonare
2406 1672 2526 1728 aut

322 1764 507 1830 olere
535 1770 998 1850 peregrinum3
1044 1768 1220 1832 hanc
1252 1787 1641 1852 sequamur:
1694 1787 1912 1850 neque
1958 1768 2172 1831 solum
2202 1768 2525 1831 rusticam

321 1869 780 1950 asperitatem,
809 1870 929 1933 sed
960 1871 1166 1949 etiam
1195 1872 1609 1954 peregrinam
1636 1871 2103 1939 insolentiams‘
2126 1871 2354 1951 fugere
2384 1870 2524 1933 dis-

321 1990 575 2036 camus,
624 1974 773 2036 -45,
822 1973 1155 2056 Equidem
1210 1992 1365 2037 cum
1412 1973 1614 2038 audio
1667 1992 1935 2037 socrum
1979 1992 2196 2035 meam
2247 1971 2525 2036 Laeliam

316 2071 618 2148 (facilius
649 2075 825 2138 enim
859 2066 1174 2141 mulieres
1204 2078 1665 2161 incorruptam
1695 2076 2166 2159 antiquitatem
2185 2073 2211 2111 ἒ
2255 2094 2524 2138 conser-

323 2183 507 2249 vant,
530 2177 712 2259 quod
735 2179 1097 2243 multorum
1125 2180 1456 2243 sermonis
1485 2168 1843 2263 expertes}
1871 2198 1949 2242 ea
1981 2184 2207 2243 tenent
2238 2196 2528 2260 semper,

319 2297 475 2361 quae
529 2280 744 2362 prima
791 2280 1244 2366 didicerunt);
1289 2282 1398 2366 [p.
1431 2280 1616 2361 147]
1660 2282 1777 2345 sed
1833 2301 1987 2345 eam
2037 2280 2137 2344 sic
2182 2280 2405 2357 audio,
2453 2287 2529 2342 ut

322 2377 637 2445 Plautum
660 2383 850 2461 mihi,
883 2391 998 2448 aut
1029 2384 1348 2449 Naevium
1384 2385 1615 2449 videar
1640 2385 1910 2451 audire:
1957 2403 2130 2447 sono
2157 2384 2309 2466 ipso
2339 2382 2527 2446 vocis

382 2573 410 2607 ἅ
449 2574 632 2629 Quibus
655 2575 966 2625 Athenienses
989 2582 1173 2625 curent.

324 2647 404 2754 ΒΣ
440 2640 538 2693 Qui
573 2646 686 2689 sunt
731 2642 894 2689 Romoe
937 2642 1044 2691 nati
1078 2642 1237 2691 minus
1269 2657 1319 2692 se
1356 2642 1599 2706 applicant
1634 2644 1698 2692 ad
1734 2648 1864 2692 artes
1904 2642 2136 2698 liberales,
2182 2657 2323 2704 quam
2360 2641 2530 2705 reliqui

403 2704 465 2753 tii
489 2705 631 2754 cives.

376 2767 409 2810 s
441 2769 538 2823 Qui
559 2770 612 2818 in
637 2771 752 2818 urbe
779 2772 935 2820 Roma
954 2771 1199 2820 habitant.

379 2842 408 2875 δ’
442 2833 723 2883 Latinorum
745 2838 967 2892 omnium,
992 2851 1189 2898 quorum
1209 2837 1404 2899 propria
1424 2837 1570 2885 vestis
1590 2842 1663 2886 est
1681 2842 1816 2900 toga.

387 2897 413 2969 ζ’
449 2898 576 2960 Apta
598 2901 842 2961 labiorum,
868 2902 1049 2963 linguoe
1070 2919 1126 2950 uc
1148 2904 1359 2951 dentium
1381 2902 1563 2950 habitu.
1908 2899 1924 2933 ὅ
1954 2899 2173 2949 Peccari.

375 2971 397 3004 ³
432 2964 631 3013 Modum
652 2968 869 3028 loquendi
892 2970 1174 3016 inusitatum
1200 2968 1382 3023 Romoe,
1405 2968 1456 3014 in
1481 2968 1632 3017 Italia
1647 2967 1850 3031 reliqua,
1872 2968 1925 3015 in
1943 2966 2202 3029 provinciis
2219 2965 2462 3014 usitatum.

385 3026 410 3060 ἃ
448 3029 702 3077 Rationem
724 3034 972 3094 antiquum
993 3032 1351 3094 pronuntiandi.

385 3091 402 3124 1
434 3095 546 3140 Non
580 3096 750 3144 hubent
789 3098 1174 3149 consuetudinem
1210 3096 1430 3161 loquendi
1464 3112 1570 3145 eum
1606 3097 1788 3155 multis,
1824 3101 1873 3147 et
1909 3097 2117 3147 maxime
2147 3110 2253 3144 cum
2275 3095 2458 3145 exteris
2481 3100 2527 3144 et

317 3157 606 3220 peregrinis.

1250 3256 1550 3279 ‘OQM
1554 3260 1581 3279 O
1586 3259 1617 3278 0

319 3358 453 3402 muto
472 3369 492 3411 ,-
525 3352 659 3402 uude
685 3332 891 3402 Har-les.
914 3336 1053 3419 conj:
1069 3358 1274 3420 quidem,
1294 3363 1349 3407 ut
1371 3361 1640 3408 malim—8
1675 3360 1935 3408 Serranum
1957 3359 2093 3423 conj.
2118 3358 2296 3407 Lamb-

388 3419 520 3468 CAP.
546 3432 647 3468 ιιι.
688 3425 710 3468 1
740 3420 976 3485 Quidam,
1000 3431 1218 3472 notante
1239 3423 1506 3480 Lanibino,
1532 3426 1708 3488 legere
1731 3426 2006 3473 voluerunt
2024 3423 2379 3489 offendere.—2
2404 3424 2532 3473 Cod-

1323 3586 1540 3636 NOTAE

385 3686 409 3711 ¹¹
445 3679 629 3735 Quibus
671 3680 865 3744 vacant]
925 3680 1109 3736 Quibus
1146 3681 1196 3730 in
1235 3691 1386 3732 sexto

319 3769 465 3804 casu.
542 3755 659 3806 Jam
708 3755 834 3803 illud
882 3756 1223 3806 observarunt
1264 3772 1386 3806 non-

319 3832 446 3880 nulli
496 3833 709 3880 verbum
757 3831 1014 3881 ‘vacare'
1055 3847 1085 3881 a
1137 3834 1389 3883 Cicerone

320 3922 577 3971 utinquam
659 3910 897 3971 usurpari
968 3924 1062 3973 pro
1123 3910 1139 3937 ‘
1176 3925 1387 3974 operam

320 3982 485 4038 dare,'
522 3985 676 4032 immo
716 3984 945 4033 adhiberi
981 3987 1241 4034 contrario
1275 4001 1386 4035 sen-

318 4072 410 4106 su:
445 4060 616 4122 itaque
645 4060 741 4121 ipsi
767 4057 874 4107 fere
900 4075 1105 4124 semper
1136 4062 1387 4112 ablativus

319 4133 692 4195 conjungitur3
739 4142 795 4182 et
839 4134 880 4181 si
925 4136 1134 4199 quando
1179 4136 1389 4185 additur

318 4210 481 4261 dandi
511 4224 679 4270 casus,
707 4225 771 4259 ne
809 4220 914 4261 tum
953 4213 1160 4276 quidem
1193 4214 1386 4278 signifi-

316 4295 404 4337 cat
426 4287 692 4336 ‘animum
717 4289 1020 4354 applicare,'
1051 4290 1143 4341 sed
1171 4306 1387 4342 vacuum

1468 3698 1584 3732 esse
1626 3690 1682 3732 et
1728 3682 1888 3732 otium
1926 3682 2137 3739 habere,
2173 3681 2318 3732 verbi
2358 3696 2530 3741 causa,

1468 3758 1759 3809 disserendi
1784 3759 1850 3808 de
1874 3759 2218 3823 philosophia.

1534 3844 1560 3870 v
1604 3837 1870 3901 Asiaticos]
1928 3838 2182 3887 oratores
2237 3850 2302 3885 ex
2358 3836 2529 3894 Caria,

1470 3912 1720 3974 Phrygia,
1744 3922 1799 3962 et
1835 3913 2022 3975 Mysia,
2047 3928 2174 3976 quos
2212 3913 2264 3962 in
2302 3912 2532 3964 Oratore

1469 3989 1497 4051 ς
1532 3991 1615 4036 25.
1647 3988 1811 4037 tradit
1842 3988 2044 4038 Tullius
2076 3991 2314 4039 ascivisse
2349 3998 2532 4053 aptum

1471 4065 1577 4112 suis
1595 4064 1803 4113 auribus
1821 4066 2047 4128 opimum
2067 4066 2324 4129 quoddam
2344 4078 2398 4117 et
2418 4078 2533 4118 tan·

1470 4156 1623 4205 quam
1650 4139 1916 4203 adipatum
1943 4141 2184 4190 dictionis
2208 4157 2385 4205 genus.

1537 4224 1569 4249 W
1616 4218 1679 4274 Q.
1725 4217 1968 4267 Valerium
2002 4217 2262 4282 Soranum]
2312 4221 2390 4269 De
2429 4234 2530 4284 quo

1468 4293 1522 4342 in
1548 4294 1733 4343 Bruto.
