3020 4942
2292 350 2464 416 1091

279 509 646 591 salse,quae
678 505 825 572 fi'eri
849 525 983 572 non
1006 512 1309 591 possunt,
1324 513 1686 590 optantur:
1714 512 1793 571 ut
1817 505 1915 570 M.
1940 507 2269 592 Lepidus,
2290 515 2467 586 cum,

279 614 514 678 ceteris
544 615 612 676 in
642 619 922 695 campo³
971 612 1490 689 exercentibus:
1534 612 1600 675 in
1629 613 1837 676 herba
1860 612 2008 695 ipse
2038 614 2467 691 recubuisset,

282 725 302 750 ‘
324 715 583 780 Vellem
616 714 744 778 hoc
774 712 1000 788 esset,’
1043 714 1285 797 inquit,
1325 722 1341 748 ‘
1363 714 1716 780 laborare.'
1803 714 2071 779 Salsum
2106 723 2213 779 est
2240 717 2466 789 etiam,

280 817 731 901 quaerentibus
780 820 848 882 et
901 817 1099 901 quasi
1148 817 1749 899 percunctantibus
1798 817 1980 881 lente
2038 816 2466 900 respondere,

281 920 459 1005 quod
491 921 831 994 nollent;⁴
871 925 947 984 ut
993 939 1228 984 censor
1264 919 1612 1005 LepiduS,⁰
1656 940 1810 985 cum
1842 920 1941 984 M.
1972 917 2273 985 Antistio
2305 919 2472 1003 Pyr-

278 1020 495 1108 gensif
532 1043 773 1106 equum
821 1022 1236 1102 ademisset,⁸
1283 1026 1621 1107 amicique
1653 1043 1808 1089 cum
1838 1023 2375 1099 vociferarentur,
2401 1031 2474 1087 et

282 1132 689 1209 quaerereut,‘
731 1126 897 1209 quid
942 1127 1056 1191 ille
1097 1128 1277 1211 patri
1323 1147 1447 1191 suo
1487 1126 1927 1210 responderet,
1974 1145 2098 1189 cur
2142 1124 2477 1191 ademtam

282 1229 407 1292 sibi
460 1246 710 1309 equum
739 1228 1033 1310 diceret,
1080 1249 1229 1294 cum
1283 1230 1583 1313 optimus
1631 1229 1968 1303 colonus?
2011 1229 2481 1312 parcissimae,

282 1329 836 1408 modestissimus,
866 1331 1351 1413 frugalissimus
1381 1339 1606 1397 esset:
1654 1339 1673 1367 ⁴
1701 1331 1822 1397 Me
1859 1328 2185 1406 istorum,’
2226 1332 2473 1416 inquit,

287 1431 481 1496 ‘nihil
507 1432 818 1496 credere?
837 1444 860 1470 ⁰
946 1434 1097 1500 288.
1147 1433 1574 1517 Colliguntur
1601 1455 1643 1499 a
1669 1434 1938 1501 Graecis
1971 1437 2106 1499 alia
2138 1432 2478 1506 nonnulla,

284 1535 789 1611 execratione&
833 1534 1327 1612 admirationes,
1378 1538 1805 1604 minatione&
1893 1537 2033 1602 Sed
2083 1537 2228 1601 haec
2277 1537 2433 1618 ipsa
2457 1541 2481 1582 ³

282 1638 473 1703 nimis
504 1637 669 1701 mihi
700 1638 930 1702 videor
970 1640 1177 1704 multa
1223 1640 1292 1704 in
1330 1632 1570 1723 genera
1611 1640 2095 1723 descripsisse:
2140 1657 2301 1702 nam
2339 1636 2483 1714 illa,

286 1761 439 1823 quae
470 1741 655 1805 verbi
701 1741 959 1805 ratione
1006 1749 1075 1807 et
1113 1742 1182 1807 vi
1226 1743 1671 1822 continentur,
1718 1750 1903 1807 certa
1932 1742 2067 1806 sere
2098 1730 2182 1805 ac
2207 1739 2482 1804 definita

282 1854 467 1908 sunt:
515 1863 672 1926 quae
719 1844 1140 1928 plerumque,
1187 1853 1263 1911 ut
1304 1854 1465 1911 ante
1509 1846 1677 1922 dixi,
1724 1845 1986 1910 laudari
2017 1846 2255 1925 magis,
2284 1861 2485 1927 quam
2564 1838 2571 1849 '

286 1946 484 2011 rideri
529 1946 772 2010 solent.
860 1945 1012 2012 289.
1061 1947 1240 2013 Haec
1280 1954 1524 2025 autem,
1552 1969 1707 2033 quae
1735 1952 1896 2012 suut
1924 1948 1991 2012 in
2013 1967 2106 2023 re,
2131 1956 2197 2010 ct
2225 1948 2294 2009 in
2326 1946 2483 2027 ipsa

291 2049 642 2126 sententia,
695 2049 998 2131 partibus
1061 2058 1215 2115 sunt
1257 2051 1782 2127 innumerabilia,
1828 2050 2181 2133 generibus
2243 2065 2485 2133 pauoe..

288 2150 892 2234 Expectationibus
940 2151 1115 2216 enim
1162 2139 1602 2238 decipiendis,
1647 2162 1719 2218 et
1745 2154 2000 2218 naturis
2025 2152 2316 2217 aliorum
2346 2149 2489 2214 irri-

962 363 1064 410 »Β
1112 362 1496 425 canons,
1548 363 1631 413 11.
1675 348 1783 413 71.

353 2349 376 2374 r
408 2342 471 2389 In
493 2357 654 2404 eampo
674 2343 861 2393 Martio
883 2358 1048 2406 eorpus
1068 2343 1416 2394 exercentibus.

351 2412 372 2438 ⁸
404 2407 489 2455 Ex
509 2407 717 2470 equitum
740 2409 1118 2475 numer-equibus
1144 2425 1169 2458 e
1190 2409 1375 2474 publico
1397 2408 1601 2458 dabutur
1620 2423 1781 2474 equus,
1803 2407 2134 2471 expunxisset.

351 2473 372 2514 ἓ
405 2470 450 2520 Α
474 2487 661 2522 censere
684 2473 879 2535 Lepido.
1086 2482 1115 2506 ’⁸
1151 2476 1274 2524 Cum
1293 2475 1433 2536 vulgo
1451 2475 1703 2524 haberetur
1724 2474 1925 2537 optimus
1947 2476 2151 2529 colonus,
2175 2473 2258 2536 ᾅτ.

353 2544 379 2568 ¹·
419 2537 711 2600 Respondeat
732 2538 980 2588 Antistius
996 2539 1130 2604 patri
1151 2553 1252 2596 suo,
1271 2539 1424 2602 inquit
1447 2555 1628 2601 censor,
1648 2554 1721 2588 me
1743 2541 1941 2588 istorum
1962 2538 2084 2588 nihil
2104 2538 2308 2586 credere.

1218 2673 1577 2694 OOOOOOOOONO

294 2765 449 2822 Mox,
471 2778 565 2826 pro
588 2765 719 2820 tulit,
741 2764 918 2816 Guelf.
934 2771 984 2816 2.
1016 2767 1298 2818 remia—3
1333 2766 1483 2816 Harl.
1508 2772 1556 2817 1.
1587 2771 1641 2831 ψ,
1665 2773 1719 2816 et
1740 2765 1921 2815 Lamb.
1953 2780 2004 2814 se
2026 2764 2076 2812 in
2096 2764 2372 2825 campa—4
2409 2761 2498 2810 Ita

290 2831 481 2880 nrm.
516 2829 638 2879 Ald.
662 2831 816 2882 Junt.
837 2832 1014 2882 Lamb.
1048 2836 1172 2896 quod
1202 2835 1363 2882 nolent
1384 2833 1549 2881 editio
1584 2832 1752 2896 princ.
1786 2832 1908 2893 quod
1942 2831 2098 2879 nolint
2130 2843 2160 2876 e
2197 2828 2500 2891 conjectura

293 2894 548 2954 Ernestii,
572 2896 722 2944 Mun.
744 2904 800 2945 et
823 2896 1026 2947 Harles.
1069 2898 1218 2955 Mox,
1239 2899 1504 2947 amiciciam
1519 2901 1583 2961 ip:
1623 2912 1728 2946 euin
1741 2897 1987 2945 delei-unt
2013 2894 2193 2944 Lamb.
2217 2902 2271 2941 et
2290 2892 2500 2942 Schntz.

294 2960 551 3022 probante
575 2960 780 3011 Harles.
813 2963 958 3012 uncis
980 2963 1186 3013 inclusit
1206 2964 1525 3012 WetzeL—-5
1561 2961 1659 3012 Sed
1690 2967 1738 3011 et
1773 2963 1872 3011 hae
1899 2962 2005 3022 ipsu
2035 2960 2221 3020 Stepb.
2242 2965 2297 3006 et
2316 2958 2498 3006 Lamb.

293 3025 569 3081 Actutnm,
590 3026 731 3075 nimis
750 3028 898 3077 deest
919 3028 970 3077 iu
993 3028 1173 3079 Guelf.
1195 3033 1243 3078 1.
1281 3033 1338 3078 et
1375 3028 1460 3079 ed.
1494 3029 1705 3078 Schutz.
1743 3026 1997 3091 probante
2024 3025 2334 3088 Heusinger.
2355 3022 2500 3072 nucis

1296 3172 1510 3224 NOTAE

364 3274 387 3298 e
423 3265 597 3314 Censor
626 3260 857 3329 Lepidus]
891 3263 1121 3313 Censura
1149 3261 1360 3315 functus
1441 3260 1578 3327 cum,
1612 3262 1974 3319 festivitatem,
2014 3260 2193 3325 ferias,
2234 3260 2503 3323 Pompam,

296 3349 381 3391 est
400 3342 482 3392 M.
499 3341 730 3390 AEmilius
753 3339 983 3403 Lepidus
1001 3340 1066 3391 Α.
1085 3341 1151 3389 U.
1169 3342 1231 3390 0.
1249 3343 1363 3390 5⁵25.
1442 3353 1654 3403 penum,
1673 3340 1989 3402 potationes,
2011 3339 2358 3392 saturitatem,
2380 3349 2504 3399 gau·

292 3423 424 3478 ente
447 3416 567 3466 Chr.
592 3419 705 3465 1⁷9.
1144 3476 1157 3491 .
1442 3415 1622 3464 d‘mm:
1654 3416 1873 3465 Plautus
1905 3416 1957 3465 iu
1993 3417 2148 3478 capt.
2172 3428 2249 3463 iv.
2269 3418 2319 3462 1.
2401 3414 2504 3461 Mi·

367 3492 390 3524 f
419 3491 684 3558 Pyrgensi]
714 3492 895 3556 Pyrgi,
910 3508 1061 3556 quam
1081 3492 1363 3542 Romanam
1446 3491 1701 3555 nationes,
1719 3506 1933 3556 quarum
1958 3492 2186 3555 lepidum
2209 3488 2504 3552 exemplum

295 3573 555 3623 coloniam
596 3569 727 3620 facit
765 3571 963 3632 Livius,
997 3572 1200 3620 Tusciae
1239 3571 1364 3620 urbs
1442 3568 1676 3632 ejusdem
1696 3566 1959 3616 comoediae
1985 3581 2139 3616 scens
2157 3571 2505 3630 consequente

290 3655 402 3711 est,
422 3662 577 3712 quam
598 3647 815 3710 conjicit
838 3646 1085 3699 Albertus
1110 3648 1366 3698 nuucdici

295 3725 359 3775 S.
381 3724 665 3773 Mariae-llo.

367 3810 395 3845 s
434 3798 804 3863 Execrationes]
856 3801 1250 3864 miserationes,
1291 3809 1366 3866 ut,

296 3879 316 3906 ‘
345 3877 453 3929 Abi
484 3891 588 3940 quo
617 3876 800 3937 lubet:
845 3878 1061 3941 Jupiter
1092 3884 1145 3926 te
1171 3877 1369 3942 Diique

300 3954 583 4022 perdentl’
616 3955 840 4004 Plautus
871 3956 924 4003 in
949 3955 1126 4004 Aulul-
1188 3953 1370 4003 Admi-

296 4034 555 4089 rationes,
589 4039 665 4092 ut,
689 4032 933 4095 ‘Jupiter
969 4024 1239 4096 supreme,
1265 4046 1373 4081 ser·

296 4125 401 4160 vas
429 4124 530 4165 me,
556 4112 799 4173 measque
823 4122 982 4172 auges
1005 4123 1160 4172 opes:
1203 4107 1370 4157 Maxi-

297 4202 420 4238 mas
476 4185 768 4249 opimitates
820 4186 1165 4251 opiparasque
1220 4182 1371 4234 offers

297 4263 470 4325 mihi3
518 4261 770 4327 Laudem,
806 4263 1025 4324 lucrum,
1065 4263 1257 4326 ludum,
1286 4264 1372 4326 jo-

1447 3645 1669 3695 Plautus
1711 3643 1849 3693 idem
1891 3642 2267 3697 subministrat,
2315 3649 2331 3669 ·
2353 3641 2506 3691 Meus

1446 3730 1528 3771 est
1550 3721 1736 3772 balista
1758 3733 1981 3784 pugnus,
2004 3719 2211 3769 cubitus
2240 3717 2510 3781 catapulta

1444 3791 1533 3849 est
1565 3798 1709 3858 mibi,
1731 3796 1991 3846 Humerus
2027 3795 2193 3850 aries=
2230 3800 2339 3845 tum
2372 3805 2508 3857 genu

1450 3875 1518 3925 ad
1554 3888 1809 3940 quemque
1832 3874 2033 3936 jecero,
2054 3872 2119 3920 ad
2144 3879 2333 3920 terram
2358 3867 2511 3921 dabo·

1454 3953 1764 4015 Dentileges
1807 3965 1983 4001 omnes
2022 3948 2265 3999 mortales
2307 3945 2514 4006 faciam,

1453 4043 1711 4095 quemque
1732 4023 2034 4078 offendero)
2096 4026 2227 4075 Hoec
2248 4030 2305 4073 et
2326 4022 2514 4071 similia

1452 4123 1569 4172 quae
1595 4108 1644 4155 iu
1659 4107 1829 4156 mimis
1847 4104 2070 4169 plurima
2083 4107 2380 4155 occurrunt,
2395 4113 2512 4149 cum

1452 4184 1521 4233 de
1546 4184 1812 4233 levissimis
1834 4182 2136 4246 plerumque
2170 4177 2300 4229 fiant
2329 4176 2514 4234 omisis,

1454 4262 1565 4311 risu
1588 4259 1936 4324 excipiuntur.
