3020 4942
547 359 719 425 1054

551 521 736 586 tuis?
782 516 943 600 quid
993 516 1075 582 L.
1120 516 1381 593 Βιυῐο,ο
1426 515 1543 599 qui
1576 512 1750 580 hunc
1799 514 2126 599 populum
2171 512 2522 579 dominatu
2551 513 2726 596 regio

551 621 904 688 liberavit?
937 619 1098 703 quid
1139 627 1206 685 te
1253 619 1522 683 facet-ei
1567 619 1676 683 cui
1726 608 1842 695 rei,
1892 620 2004 683 cui
2059 618 2317 700 gloriae‚
2363 618 2475 682 cui
2514 618 2730 682 virtuti

553 725 866 791 studeret
906 724 1057 788 226.
1103 722 1587 806 patrimonione
1617 723 1923 805 augendo
1946 723 1976 785 ‘l
2024 730 2096 787 at
2138 718 2227 785 id*
2248 740 2380 785 non
2410 727 2524 785 est
2548 721 2729 785 nobi-

477 906 480 909 ,
547 828 754 893 litatis
779 835 882 892 :⁸¹²
924 826 1042 891 sed
1084 826 1193 890 fac
1240 826 1443 903 esse,⁸
1502 824 1670 915 nihil
1717 830 2092 910 superest30
2152 823 2459 889 libidines
2517 830 2730 887 totum

551 930 1075 1013 dissipaverunt:
1120 948 1206 993 an
1249 929 1386 1013 juri
1433 928 1671 992 civili?
1714 933 1820 992 est
1869 926 2307 1011 paternum?¹
2351 926 2473 990 sed
2534 926 2732 1002 dicet,

551 1039 636 1111 te,
670 1053 822 1097 cum
868 1031 1052 1097 aedes
1089 1031 1434 1109 venderes,
1470 1051 1553 1094 ne
1601 1032 1668 1093 in
1713 1031 1885 1095 rutis
1908 1030 2187 1115 ‘quidem
2227 1036 2292 1094 et
2332 1029 2580 1095 caesisq
2628 1049 2735 1094 so-

547 1137 711 1201 lium
732 1143 785 1173 ¹⁰
827 1135 947 1199 tibi
978 1139 1325 1218 paternum
1355 1134 1729 1218 recepisse:
1754 1144 1776 1172 0
1822 1153 1908 1197 an
1935 1132 2035 1197 rei
2060 1132 2325 1198 militari
2347 1131 2379 1195 ‘l
2426 1132 2547 1214 qui
2575 1151 2731 1196 nun-

553 1256 752 1320 quam
806 1240 1029 1302 castra
1075 1235 1362 1300 videris:
1410 1256 1493 1300 an
1542 1236 2000 1318 eloquentiae?
2046 1254 2199 1319 quae
2227 1235 2413 1299 nulla
2441 1241 2624 1299 est¹¹
2668 1235 2733 1298 in

549 1349 659 1406 te:
704 1346 791 1417 et,
823 1337 1140 1423 quicquid
1171 1343 1275 1404 est
1302 1339 1489 1404 vocis
1514 1358 1596 1403 ac
1625 1338 1895 1421 linguae,
1926 1357 2120 1402 omne
2150 1339 2220 1401 in
2250 1338 2454 1424 istum
2487 1339 2731 1420 turpis-

550 1444 791 1508 simum
822 1441 1168 1507 calumniae
1217 1447 1547 1526 quaestum
1571 1448 1593 1477 ‘
1637 1439 2052 1509 contulisti!
2128 1439 2239 1506 Tu
2277 1440 2499 1505 lucem
2557 1439 2731 1523 aspi·

1322 372 1399 419 M.
1444 370 1527 427 ¹1⁸..
1559 368 1960 419 montonis
1996 404 1999 409 -

614 1617 641 1642 ⁸
673 1608 787 1657 Non
809 1608 942 1657 debet
963 1622 1063 1657 esse
1083 1607 1166 1657 hoc
1188 1607 1398 1657 studium
1418 1608 1516 1656 viri
1532 1607 1714 1657 nobilis.
2396 1654 2399 1659 .

555 1700 558 1705 ·
615 1671 640 1707 ὅ
673 1674 822 1722 Esto.-
855 1673 907 1720 id
925 1672 1096 1731 facere
1116 1673 1257 1721 liceat
1278 1673 1381 1722 viro
1401 1673 1564 1723 nobili.
1755 1679 1777 1704 θ
1812 1673 1895 1722 Ex
1914 1677 1995 1722 tuo
2023 1670 2328 1734 patrimonio.

605 1736 633 1771 ὅ
665 1738 774 1788 Hoc
788 1738 938 1801 patris
957 1737 1280 1798 studiumsuit
1292 1752 1309 1787 .·
1339 1744 1524 1801 patrem
1544 1738 1595 1786 in
1616 1751 1669 1786 eo
1685 1741 1810 1787 recte
1827 1738 2011 1800 quidem
2033 1737 2123 1785 tibi
2139 1749 2419 1799 proponeres
2432 1734 2733 1786 imitandum.

615 1811 636 1837 ⁸
672 1803 946 1852 Testobitur
962 1804 1045 1852 illa
1069 1817 1188 1851 onus
1208 1804 1419 1853 manibus
1436 1804 1509 1852 tui
1538 1800 1768 1865 parentis,
1789 1808 1838 1852 te
1866 1804 1981 1851 adeo
2001 1801 2272 1865 imperitum
2290 1815 2390 1849 esse
2407 1798 2544 1860 ,iuris
2565 1801 2733 1861 civilis,

551 1872 608 1917 sit
625 1883 730 1917 cum
748 1869 872 1916 oedes
890 1870 1126 1927 tenderes,
1139 1882 1231 1915 nors
1254 1867 1512 1918 retinueris
1531 1866 1636 1922 tibi,
1652 1867 1802 1930 etsie,
1817 1872 1926 1916 ruia
1946 1881 2085 1927 cose,
2099 1867 2240 1914 immo
2260 1880 2320 1914 rte
2341 1865 2619 1915 cathedr-ans
2639 1866 2735 1930 qui-

551 1935 657 1982 dem
676 1933 812 1981 ittam
831 1935 1005 1995 patris,
1025 1933 1077 1982 irs
1097 1947 1187 1994 quo
1204 1934 1328 1981 domi
1347 1935 1406 1982 de
1423 1931 1539 1990 jare
1556 1931 1736 1981 solebat
1755 1947 1781 1980 r
1952 1947 2046 1982 ere.

607 1994 644 2039 Ι
673 1997 838 2046 Uteris
856 1994 1023 2058 lingua
1044 2002 1090 2045 et
1112 2013 1222 2047 voce
1243 1999 1305 2046 od
1325 1997 1535 2045 homines
1552 1999 1848 2059 accusandos,
1867 1997 2106 2046 interdum
2122 2010 2209 2059 per
2235 1996 2522 2044 columniam
2540 2000 2593 2045 et
2608 1995 2737 2055 soluo

548 2062 763 2125 mesine,
780 2067 834 2110 ut
855 2067 1084 2125 quamtum
1103 2063 1265 2121 socias
1281 2076 1344 2111 ex
1363 2077 1522 2111 eorem
1543 2063 1693 2126 bonis,
1713 2063 1795 2125 qui
1817 2062 2029 2112 dommi
2049 2059 2234 2121 judicio
2248 2060 2461 2121 fuerint.

1463 2188 1521 2209 00
1525 2189 1608 2209 ΟΝ
1613 2189 1668 2210 Ν
1671 2188 1822 2210 ‘m‘

550 2281 705 2337 Dein.
725 2280 1032 2344 quidsuere,
1053 2279 1241 2329 omisso
1262 2284 1331 2345 te,
1348 2278 1525 2333 Guelf.
1545 2284 1594 2331 2.
1616 2285 1665 2333 3.
1698 2281 1812 2345 qaid
1832 2286 1880 2332 te
1901 2294 2045 2344 ogere
2067 2277 2246 2330 Guelf.
2263 2281 2443 2329 1.-10
2470 2277 2557 2328 Al.
2579 2281 2735 2330 solsa-

1539 2406 1590 2457 N
1597 2405 1754 2459 0⁹1·AE

547 2512 881 2556 externorum
924 2502 1198 2567 artificum,
1246 2519 1346 2555 nec
1402 2519 1507 2555 oera
1546 2513 1603 2558 et

548 2596 836 2632 marmora:
872 2583 1106 2645 expressi
1139 2596 1260 2630 cera
1295 2582 1465 2631 vultus
1498 2582 1603 2631 sin·

493 2659 496 2664 '
548 2659 682 2723 gulis
716 2659 1130 2722 disponebantur
1161 2659 1411 2715 armariis,
1433 2666 1492 2710 ut
1519 2674 1598 2710 es·

547 2743 666 2802 sent
682 2732 929 2798 imagines
949 2749 1065 2801 quae
1087 2736 1454 2785 comitarentur
1475 2751 1599 2799 gen·

548 2811 705 2862 tilitis
754 2810 957 2874 funera,
1010 2826 1315 2878 semperque
1359 2811 1602 2865 defuncto

548 2890 720 2956 aliquo
744 2896 885 2940 totus
909 2889 1092 2941 aderat
1118 2887 1325 2940 familiae
1348 2890 1480 2954 ejus,
1515 2892 1601 2957 qui

549 2980 772 3031 unquam
811 2966 1005 3032 fuerat,
1043 2967 1294 3032 populus.’
1337 2967 1475 3017 Plin.
1509 2969 1602 3020 lib.

551 3056 740 3094 xxxv.
762 3058 808 3094 c.
828 3048 879 3093 2.

611 3126 637 3152 ⁸
667 3119 732 3170 L.
758 3118 941 3183 Bruto]
973 3119 1053 3168 De
1069 3134 1171 3184 qno
1190 3117 1283 3168 lib.
1306 3132 1384 3170 tv.
1405 3119 1471 3169 ad
1491 3119 1603 3169 He·

548 3209 697 3245 renn.
720 3196 771 3245 in
796 3197 934 3245 notis
958 3196 1024 3245 ad
1045 3198 1073 3260 ς
1097 3199 1183 3246 66.

612 3279 640 3313 Ρ
673 3273 742 3322 At
761 3273 816 3321 id
829 3267 926 3320 ‘novt
945 3277 1016 3321 est
1035 3270 1319 3336 nobilitatis]
1352 3273 1470 3324 Non
1495 3274 1623 3336 Roq

547 3349 713 3398 manis
762 3348 933 3410 modo,
982 3363 1156 3399 verum
1201 3350 1357 3400 etiam
1398 3350 1602 3403 Groecis

549 3424 710 3474 visum
742 3430 821 3474 est
853 3424 1079 3487 ignobile
1111 3424 1340 3477 faciendi
1372 3435 1602 3493 questus

547 3500 794 3550 studium.
853 3501 1047 3554 Scribit
1084 3499 1397 3553 Aristoteles
1439 3504 1604 3558 Polit.

543 3589 637 3627 ιιι.
675 3582 726 3627 5.
760 3578 899 3641 apud
935 3578 1204 3628 Thebanos
1238 3579 1355 3643 lege
1391 3586 1601 3631 cnutum

547 3651 727 3712 fuisse,
762 3669 828 3704 ne
850 3655 963 3720 quis
993 3654 1059 3704 ad
1081 3655 1303 3705 bonores
1328 3658 1458 3722 reip.
1481 3671 1600 3722 pro·

545 3740 862 3795 moveretur,
895 3733 989 3782 nisi
1019 3732 1201 3783 decem
1233 3747 1392 3783 annos
1418 3749 1447 3783 a
1468 3748 1601 3784 mer-

547 3813 732 3857 catura
775 3806 1083 3859 destitisset.
1149 3808 1398 3864 Consule,
1430 3810 1473 3860 si
1517 3825 1604 3861 va·

547 3892 653 3942 cat,
675 3884 894 3935 eundem
922 3884 1255 3935 Aristotelem
1278 3899 1318 3935 ι.
1340 3890 1421 3937 11.
1456 3888 1604 3938 Cice·

548 3973 608 4009 ro
630 3960 696 4009 de
717 3958 823 4010 Off.
844 3959 937 4010 lib.
962 3975 1001 4009 ι.
1034 3962 1062 4026 §
1086 3965 1199 4011 150.
1244 3967 1260 3991 ‘
1278 3961 1607 4026 Illiberales:

546 4037 735 4102 inquit,
764 4039 781 4068 ‘
796 4038 992 4088 sordidi
1015 4046 1241 4102 quaestus
1263 4040 1606 4090 mercenario·

548 4127 659 4162 rum
709 4114 956 4178 omnium,
1011 4128 1224 4179 qnorum
1269 4130 1461 4180 operae,
1500 4131 1604 4166 non

550 4202 766 4251 quorum
799 4198 939 4240 artes
975 4201 1242 4241 emuntur:
1279 4203 1359 4243 est
1393 4193 1603 4243 enimin

542 4263 648 4318 illis
670 4265 785 4330 ipsa
806 4269 1004 4317 merces
1031 4274 1471 4320 anctorsmentnm
1495 4284 1604 4321 ser·

1682 2507 1896 2559 vitatis?
1959 2510 2030 2560 Et
2054 2508 2206 2574 paulo
2232 2514 2379 2573 posta
2404 2512 2420 2536 ⁸
2438 2506 2737 2556 Mercatura

1681 2593 1874 2642 autem.
1895 2586 1938 2635 si
1959 2586 2131 2636 tenuis
2153 2591 2254 2649 est,
2276 2584 2487 2635 sordida
2510 2581 2737 2647 putanda

1683 2668 1802 2725 est;
1829 2662 1907 2711 sin
1929 2677 2114 2726 magna
2146 2668 2201 2712 et
2227 2662 2436 2725 copiosa
2460 2661 2629 2710 mults
2649 2675 2735 2728 un-

1680 2737 1839 2803 dique
1861 2747 2163 2803 apportans,
2195 2737 2477 2801 multisque
2509 2737 2625 2787 sine
2660 2751 2741 2786 va·

1682 2815 1847 2866 nitate
1867 2813 2188 2879 impartiens,
2221 2828 2323 2865 non
2345 2822 2426 2865 est
2463 2813 2739 2864 admodum

1684 2890 2062 2956 vituperanda-³
2107 2892 2228 2942 Hoc
2241 2898 2555 2943 mercatura
2577 2906 2738 2957 genus

1682 2969 1825 3019 salvo
1863 2968 2131 3033 dignitatis
2155 2969 2276 3032 jure
2297 2967 2572 3019 nonnullos
2595 2969 2739 3034 eqni·

1681 3053 1761 3095 tes
1786 3046 2038 3095 Romanos
2072 3044 2366 3095 exercuisse
2391 3052 2541 3108 patet
2565 3061 2633 3097 ex
2648 3047 2737 3095 ult.

1680 3123 1832 3174 Verr.
1854 3124 1883 3188 ᾗ
1909 3126 2020 3173 160.
2057 3122 2074 3151 ⁸
2099 3120 2366 3173 Clamabat
2389 3121 2480 3169 ille
2502 3121 2662 3171 miser
2684 3134 2739 3169 se

1680 3199 1845 3248 civem
1899 3212 2012 3249 esse
2065 3198 2368 3259 Romanum,
2421 3197 2737 3261 municipem

1682 3275 1957 3332 Cosanum,
1980 3275 2227 3324 meruisse
2249 3288 2306 3323 se
2324 3288 2443 3323 cum
2474 3274 2529 3322 L.
2556 3272 2738 3324 Pretio

1680 3350 2094 3414 splendidissimo
2138 3351 2315 3416 equite
2355 3349 2616 3413 Romano,
2653 3348 2738 3415 qui

1681 3428 1926 3478 Panormi
1961 3428 2339 3502 negotiaretur,
2378 3441 2446 3476 ex
2483 3441 2590 3492 qno
2630 3428 2736 3477 baee

1680 3506 1875 3556 Verres
1897 3507 2026 3555 scire
2051 3503 2263 3569 posset.’

1745 3590 1772 3628 <t
1807 3584 1887 3633 Ne
1910 3583 1963 3633 ist
1992 3583 2122 3633 rutis
2147 3582 2337 3647 quiden
2366 3584 2415 3630 et
2435 3579 2599 3644 eaess's]
2631 3580 2734 3630 Per

1684 3667 1802 3708 ruta
1837 3673 1970 3709 caesa
2005 3658 2312 3721 intelligitur
2344 3657 2602 3721 supellex,
2623 3670 2733 3721 que

1680 3735 1981 3800 sine‘aliqua
1995 3733 2328 3784 demolitione
2344 3733 2524 3782 domus
2545 3730 2734 3783 auferri

1682 3817 1876 3875 potest.
1943 3810 2014 3860 Et
2045 3818 2165 3860 ruta
2195 3809 2405 3875 quidem
2439 3823 2557 3871 quae
2589 3817 2739 3858 eruta

1682 3893 1820 3951 sunt,
1845 3894 1901 3937 nt
1932 3901 2104 3950 arens,
2134 3894 2299 3945 creta,
2328 3894 2384 3936 et
2419 3885 2640 3935 similist
2674 3897 2736 3932 ea

1685 3979 1800 4028 qum
1834 3978 1988 4027 caesa,
2019 3971 2078 4014 ut
2117 3963 2328 4012 arbores
2361 3974 2544 4026 caesss,
2575 3965 2631 4010 et
2659 3959 2732 4008 bis

1683 4040 1885 4101 similia,
1929 4053 2043 4089 esse
2095 4039 2218 4090 vult‘
2247 4038 2527 4101 Ulpianus.
2591 4034 2735 4085 Rutis

1682 4117 1832 4167 caesis
1848 4125 2182 4181 opponuntur
2201 4114 2307 4165 fixa
2323 4116 2634 4179 junctaque,
2658 4111 2732 4160 vel

1682 4192 1841 4244 infixe
1862 4191 2303 4258 inaedificataque,
2320 4191 2388 4241 de
2412 4192 2600 4258 quibus
2626 4190 2735 4254 plu·

1686 4286 1743 4321 ra
1756 4269 2128 4334 jurisconsulti.
