3020 4942
1543 226 1560 252 θ

503 354 642 418 982
1265 367 1348 417 Μ.
1394 367 1463 415 *ι·.
1516 363 1924 416 emenonis

501 517 673 580 enim
703 517 916 578 totam
946 513 1135 577 rem¹⁸
1177 510 1245 577 in
1279 513 1453 578 duas
1489 521 1748 597 partes,
1792 513 1860 576 in
1884 508 2117 576 'causae
2148 506 2699 591 controversiam,

504 622 574 690 et
602 618 671 682 in
695 616 1157 701 ιᾳιιειεεειίοιιίειέθ
1244 614 1539 680 Causam
1567 614 1945 699 appellant,
1978 632 2114 677 rem
2147 615 2445 696 positam
2470 617 2536 678 in
2566 616 2698 679 dis-³

503 720 878 803 captatione
922 738 1138 782 rerum
1187 727 1255 783 et
1313 719 1769 783 controversia
1793 740 1808 779 :
1832 719 1897 756 ⁰⁵
1973 716 2407 799 quaestionem
2464 723 2701 794 autem,

500 840 650 886 rem·
680 821 973 905 positam
1024 820 1092 883 in
1134 820 1391 885 infinita
1430 819 1898 884 dubitatione-¹⁹
1970 819 2093 899 ,De
2125 838 2336 884 causa
2368 828 2705 904 praecepta

503 925 705 988 dant:
748 922 834 986 de
882 923 1097 986 altera
1142 930 1332 1007 parte
1372 919 1690 985 dicendi⁶
1735 922 1973 985 mirum
2016 921 2352 985 silentium
2385 929 2514 986 est.
2605 924 2704 988 79.

505 1029 618 1110 [p.
665 1025 850 1106 116.]
891 1025 1206 1108 Denique
1259 1026 1556 1108 quinque
1582 1031 1608 1073 ⁷
1650 1023 1916 1090 faciunt
1974 1025 2169 1108 quasi
2214 1026 2529 1088 membra
2575 1026 2706 1090 elo*

502 1130 814 1213 queunte,
865 1127 1162 1191 invenire
1214 1127 1375 1211 quid
1430 1127 1648 1205 dicae,
1709 1127 1976 1191 iuventa
2036 1127 2411 1211 disponere,
2473 1128 2709 1192 deinde

505 1250 739 1307 ornare
786 1231 1035 1307 verbis»,
1080 1237 1240 1314 post
1267 1230 1614 1294 memoriae
1643 1229 1983 1307 mandare,
2016 1237 2158 1295 tum
2204 1230 2290 1293 ad
2335 1238 2710 1295 extremam

504 1353 701 1417 agere
754 1354 835 1398 ac
873 1334 1348 1417 pronuntiare:
1390 1352 1531 1397 rem
1579 1352 1742 1397 sane
1802 1351 1937 1396 non
1980 1330 2452 1396 reconditam!
2541 1331 2713 1412 Quis

504 1436 676 1501 enim
710 1438 839 1501 hoc
886 1455 1022 1500 non
1071 1455 1193 1499 sua
1232 1442 1482 1519 sponte
1523 1433 1812 1513 viderit‚⁸
1854 1435 2188 1498 neminem
2226 1454 2434 1516 posse
2465 1434 2708 1513 dicere,

505 1539 640 1603 nisi
669 1548 740 1604 et
770 1539 926 1622 quid
953 1539 1237 1615 diceret,
1266 1545 1336 1602 et
1367 1539 1618 1621 quibus
1649 1537 1890 1617 verbiS,
1918 1543 1984 1602 et
2018 1533 2416 1627 quo'ordiue
2446 1537 2715 1602 diceret,

505 1642 800 1718 haberet,
823 1649 900 1706 ret
929 1661 1013 1705 ea
1039 1641 1492 1704 meminisset?
1582 1639 1813 1723 Atque
1841 1640 1992 1705 haec
2022 1660 2146 1723 ego
2188 1658 2324 1704 non
2366 1641 2714 1723 reprohen-

509 1745 635 1809 do:
682 1744 802 1808 sed
857 1751 1010 1806 ante
1055 1742 1337 1806 oculos-'¹
1381 1743 1611 1826 posita
1642 1761 1791 1806 esse
1821 1741 2000 1821 dico,
2039 1750 2118 1806 ut
2166 1756 2284 1807 eas
2320 1743 2498 1817 ¹item
2551 1757 2714 1826 qua-⁰

510 1853 762 1923 tuor,⁹w
808 1844 1126 1928 quinque,
1158 1862 1369 1907 sexve
1403 1850 1655 1926 parteS,
1690 1844 1798 1908 vel
1830 1844 2032 1909 etiam
2071 1851 2326 1929 septem
2356 1845 2708 1928 (quoniam

572 2037 601 2060 ¹⁸
634 2026 896 2077 Materiam
916 2040 1096 2076 omnem
1114 2027 1363 2075 rhetorice
1384 2025 1661 2085 subjectam.

572 2101 598 2124 ⁹
630 2093 753 2141 Rem
773 2092 1022 2153 alligatam
1037 2093 1181 2140 certis
1202 2091 1339 2139 rebus
1360 2100 1409 2138 et
1431 2092 1805 2141 circumstantiis
1827 2092 1885 2140 de
1905 2090 2074 2156 quibus
2094 2091 2407 2154 disceptatur.

575 2166 609 2190 ²⁰
643 2159 769 2207 Rem
788 2171 892 2222 quae
926 2158 1073 2206 nouis
1105 2171 1429 2220 personarum,
1462 2162 1741 2221 temporam,
1774 2162 1860 2206 ant
1889 2159 2095 2206 lecorwn
2119 2156 2494 2208 circumstantiis
2525 2158 2715 2224 definita

512 2229 602 2319 88ιὲ
640 2288 763 2343 Quoe
775 2286 979 2350 partitio
1002 2285 1197 2336 minime
1214 2288 1458 2336 recondita
1477 2291 1546 2335 est
1572 2292 1618 2336 et
1642 2284 1848 2334 subtilis.
2010 2293 2039 2328 1
2074 2286 2214 2335 Trita
2235 2290 2283 2336 et
2306 2287 2548 2350 autgario.
2714 2280 2715 2295 ³

1424 2414 1782 2434 000000000000

509 2508 607 2553 -2
641 2502 819 2552 Lamb.
841 2519 897 2552 ac
916 2502 1118 2567 perfero.
1120 2507 1217 2553 —3
1251 2505 1439 2567 Stepb.
1471 2507 1556 2554 sed
1590 2505 1664 2553 ita
1700 2505 1972 2553 tamem—4
2007 2501 2173 2553 Codd.
2200 2499 2354 2551 Harl.
2375 2508 2427 2553 2.
2460 2499 2642 2554 Mead.
2664 2511 2717 2554 et

513 2569 599 2619 ed.
635 2570 780 2631 Lips-
810 2569 863 2617 in
901 2571 1238 2632 φιωείίοιιεπις
1272 2570 1461 2619 Pearc.
1505 2571 1646 2633 conj.
1687 2569 1742 2618 in
1779 2583 1971 2617 causum
2006 2573 2056 2618 et
2094 2569 2148 2617 in
2188 2568 2532 2631 questionem3
2565 2570 2720 2619 codd.

512 2636 727 2697 aliquot,
756 2634 808 2682 in
829 2635 1123 2696 quoestiones.
1128 2637 1273 2683 —5‘
1300 2636 1575 2684 Lambinus
1609 2634 1887 2697 legendum
1921 2647 2036 2681 esse
2075 2634 2300 2691 censuit,
2335 2632 2386 2682 in
2416 2634 2541 2690 disc.
2566 2636 2723 2701 finita

512 2715 672 2749 rerum
709 2704 1143 2757 controverssmm3
1178 2699 1265 2748 sed
1303 2698 1668 2749 emendatione
1709 2712 1808 2747 non
1848 2712 1979 2761 opus
2017 2695 2139 2747 est!
2173 2697 2346 2748 Pearc.
2410 2699 2634 2751 Scliutz.
2668 2708 2721 2749 et

514 2765 680 2815 Orell.
700 2778 883 2813 reorum
909 2777 1002 2827 pro
1023 2779 1216 2822 rerum5
1250 2767 1404 2816 etsie
1430 2767 1541 2815 Erl.
1568 2770 1615 2814 1.
1668 2764 1998 2827 Heusingero
2018 2762 2300 2813 videbatur
2320 2765 2721 2841 emendandum,

512 2842 615 2878 rem
652 2830 856 2905 positam
892 2829 945 2877 in
977 2829 1098 2878 disc.
1132 2844 1434 2894 personarum
1472 2837 1520 2880 et
1559 2837 1816 2894 temporum
1852 2829 2186 2879 controversia·
2249 2827 2399 2887 Mox,
2442 2830 2496 2878 in
2529 2830 2724 2907 infinita

513 2894 764 2944 divisionis
785 2893 1077 2943 dubitatione
1095 2894 1278 2943 Guelf.
1296 2900 1343 2944 l.
1364 2901 1414 2945 2.
1434 2904 1492 2945 et
1517 2910 1645 2943 unus
1673 2896 1842 2943 Palat.
1863 2907 2027 2957 remp.
2049 2893 2288 2958 infinitam
2311 2895 2569 2944 divisionis
2588 2894 2729 2944 dubi·

516 2961 699 3008 tatione
730 2960 865 3007 alter
899 2960 1067 3007 Palat.
1069 2963 1169 3007 —6
1205 2958 1387 3010 Lamb.
1423 2961 1507 3007 hic
1545 2969 1752 3009 secutus
1789 2974 1908 3008 snos
1946 2957 2100 3008 codd.
2137 2958 2338 3008 delevit
2371 2959 2598 3018 dicendi;
2637 2976 2727 3024 pra

518 3036 623 3089 quo
663 3024 872 3073 Pearc.
855 3023 1032 3087 conj.
1067 3023 1333 3075 divisionis.
1412 3025 1624 3073 Ernesti
1663 3027 1821 3073 etiam
1861 3024 2049 3073 dicendi
2087 3023 2329 3073 vitiosum
2369 3039 2503 3081 esse,
2546 3036 2602 3076 et
2640 3035 2726 3075 aut

518 3089 836 3152 simpliciter
871 3088 1177 3147 delendum,
1222 3100 1311 3141 aut
1348 3087 1412 3138 ad
1449 3096 1690 3153 praecepta
1734 3092 1852 3139 dant
1890 3090 2328 3153 transponendum
2370 3098 2543 3150 putat.
2617 3091 2732 3140 Sed*

516 3153 761 3203 Harlesio
799 3154 849 3202 id
874 3154 1094 3222 glossam
1121 3154 1293 3216 potius
1321 3155 1558 3203 redolere
1592 3155 1884 3215 videbatur,
1917 3169 2205 3218 quanquam
2231 3156 2338 3203 Erl.
2361 3159 2408 3203 1.
2447 3166 2725 3231 utramque

520 3219 790 3295 conjungit
817 3217 1115 3278 lectionem,
1150 3233 1266 3279 quae
1306 3227 1559 3283 praeterea
1583 3220 1805 3270 discedit
1829 3234 1858 3268 a
1882 3220 2102 3283 vulgari,
2136 3224 2220 3269 aut
2252 3235 2353 3269 rem
2381 3211 2592 3281 positam
2618 3223 2724 3287 infi-

518 3284 674 3333 ’titum
692 3284 940 3333 divisionis
962 3282 1297 3333 dubitatione.
1367 3286 1460 3335 .de
1496 3287 1651 3346 altera
1679 3291 1816 3349 perte
1841 3285 2031 3336 dicendi
2058 3298 2125 3333 m.
2143 3298 2184 3333 s.
2211 3290 2304 3333 est.
2372 3284 2635 3335 Wetzelio
2658 3288 2730 3335 di

518 3350 659 3398 cendi
696 3349 951 3403 vitiosum,
986 3357 1073 3397 aut
1105 3349 1355 3398 divisionis
1387 3352 1570 3399 melius
1592 3365 1702 3399 esse
1728 3352 1950 3399 videtur.
1953 3355 2043 3397 -7
2084 3349 2273 3399 Deinde
2308 3348 2514 3412 quinque
2549 3349 2723 3400 Guelf.

522 3418 570 3463 l.
592 3419 643 3463 2.
675 3414 825 3465 Junt.
871 3414 1017 3463 Crat.
1055 3414 1258 3462 Victor.
1299 3416 1551 3477 probante
1590 3416 1800 3465 Scbutz.
1803 3418 1900 3464 ——8
1933 3413 2016 3462 Ita
2060 3414 2172 3463 Erl.
2210 3419 2258 3463 1.
2298 3415 2480 3463 Streb.
2523 3417 2726 3464 Manut-

519 3478 711 3528 Pearc.
734 3478 915 3532 videret
939 3481 1024 3530 ed.
1047 3494 1091 3528 s.
1113 3478 1151 3526 l.
1175 3488 1229 3528 et
1254 3494 1303 3527 a.
1345 3481 1505 3535 Mox..
1528 3495 1662 3542 posse
1682 3486 1793 3542 apte
1813 3481 1970 3529 dicere
1994 3475 2173 3530 Guelf.
2195 3483 2243 3528 3.
2265 3488 2320 3527 et
2345 3480 2585 3543 quaedam
2610 3481 2727 3530 edd.

522 3550 645 3593 ante
680 3545 869 3594 Pearc.
904 3560 964 3609 ap
966 3550 1013 3594 te
1037 3537 1240 3593 deest
1228 3560 1277 3594 tn
1316 3546 1423 3593 Erl.
1446 3550 1492 3595 1.
1527 3545 1679 3595 Cant.
1713 3546 1828 3594 Bal.
1865 3544 2014 3603 Wag.
2048 3541 2198 3592 Harl.
2233 3548 2280 3592 l.
2319 3546 2370 3591 2.
2408 3545 2549 3595 Nov.
2588 3546 2725 3598 Bod-

520 3609 673 3661 Joan.
710 3611 833 3659 item
860 3610 913 3658 in
938 3610 1057 3658 edd.
1081 3611 1265 3659 Veuet.
1289 3607 1505 3659 Mediol.
1538 3626 1672 3674 posse
1694 3615 1855 3673 aperte
1875 3611 2030 3658 dicere
2053 3605 2229 3658 Guelf.
2253 3613 2301 3659 2.
2340 3608 2492 3666 Dein,
2519 3607 2726 3660 Schutz.

522 3675 731 3723 admisit
757 3673 1227 3738 transpositionem,
1251 3690 1403 3739 quam
1430 3676 1681 3737 Purgold.
1703 3674 1883 3732 suasit,
1904 3676 2098 3728 diceret,
2126 3679 2170 3722 et
2195 3689 2285 3735 quo
2306 3674 2471 3722 ordine
2493 3683 2538 3723 et
2564 3677 2726 3738 quibus

518 3740 675 3790 verbis
714 3741 906 3789 diceret.
910 3744 1009 3789 —9
1052 3739 1181 3791 Voc.
1226 3745 1427 3803 quatuor
1471 3741 1680 3789 videtur
1724 3740 1969 3790 Ernestio
2012 3739 2230 3787 alienum
2275 3753 2408 3789 esse.
2473 3738 2722 3788 Actutum

521 3803 708 3882 Guelf.
727 3810 773 3856 l.
806 3819 894 3855 sex
914 3805 991 3854 vel
1011 3804 1158 3853 etiam
1187 3810 1385 3876 septem,
1424 3808 1611 3855 omisso
1631 3813 1838 3885 partes,-
1872 3802 2049 3853 Guelf.
2060 3809 2120 3892 2.
2152 3819 2242 3853 sex
2271 3810 2438 3905 partes
2470 3806 2547 3854 cel
2583 3806 2723 3856 etiarn

1514 3935 1734 3985 NOTAE

569 4031 618 4073 7·
650 4025 751 4074 Eas
771 4025 885 4073 item
903 4024 1125 4089 quatuor]
1155 4022 1458 4073 Orationem
1479 4026 1581 4082 ‹lis-
1665 4026 1716 4074 ni
1733 4023 2056 4086 subjungunt
2071 4023 2156 4072 alii
2172 4021 2559 4075 refutationem.
2596 4026 2718 4075 Sunt

520 4101 760 4150 tribuunt
795 4100 1028 4152 nonnulli
1057 4108 1280 4165 quatuor
1306 4101 1357 4149 in
1383 4110 1581 4163 partes,
1667 4109 1722 4150 et
1755 4101 1843 4165 qui
1872 4099 2230 4163 partitionem,
2254 4111 2309 4152 et
2341 4104 2430 4166 qui
2452 4100 2712 4166 digressio·

521 4165 811 4237 exordium,
845 4176 1215 4238 narrationem,
1235 4176 1584 4226 confirmatio·
1667 4192 1783 4225 nem
1807 4176 2110 4240 adjungant.

518 4266 658 4317 uem,
694 4259 749 4303 et
787 4252 1207 4343 perorationem3
1240 4251 1582 4305 confirmatio·
