3020 4942
897 777 1008 850 M.
1082 774 1430 850 TULLII
1519 774 2105 850 cronnole

712 927 2302 1050 RHETORICORUM¹²

1437 1162 1565 1205 sEu

568 1307 736 1390 DE
840 1307 1606 1394 INVENTIONE
1708 1304 2430 1391 RHETORICA

1235 1510 1497 1570 leu
1560 1509 1781 1580 nno,

868 1679 999 1731 QUI
1034 1679 1339 1732 RELIQUI
1371 1680 1566 1730 SUNT
1600 1679 1700 1729 Ex
1731 1676 2141 1730 QUATUOR.²›

1306 2092 1605 2156 LIBER
1674 2091 1734 2155 Ι.

1219 2283 1793 2333 ARGUMENTUM.

403 2405 632 2454 Disserit
654 2404 856 2452 Tullius
878 2403 1044 2466 primo
1074 2402 1142 2450 de
1162 2402 1476 2466 eloquentius
1503 2402 1691 2466 insigni
1717 2403 1766 2450 in
1791 2401 1929 2450 omni
1950 2402 2059 2449 vita
2083 2413 2145 2448 ac
2168 2396 2436 2463 republica
2469 2396 2608 2443 utili-

470 2495 583 2535 tate
619 2493 674 2535 ct
697 2484 879 2546 abusu,
902 2485 1159 2549 quomodo
1195 2484 1404 2533 inventa
1435 2486 1623 2532 sensim
1661 2497 1722 2531 ac
1760 2483 2030 2547 paulatim,
2052 2482 2259 2531 exculta
2296 2487 2349 2527 et
2371 2477 2610 2541 perfecta

398 2568 407 2578 '
469 2568 555 2623 sit,
582 2567 870 2617 accedente
905 2574 1020 2616 arte
1053 2565 1256 2615 scilicet
1280 2580 1340 2615 ac
1364 2566 1583 2628 ratione,
1607 2580 1723 2629 quae
1754 2579 1865 2613 eam
1903 2564 2061 2614 certis
2097 2563 2287 2625 regulis
2314 2574 2375 2609 ac
2408 2560 2609 2622 legibus

405 2714 409 2719 ,
471 2650 812 2711 astringeret.
880 2647 1047 2696 Addit
1069 2646 1278 2701 deinde,
1302 2645 1368 2693 de
1393 2646 1705 2709 eloquentiae
1733 2642 1901 2694 officio
1923 2653 1977 2693 et
2000 2639 2119 2700 fine,
2154 2644 2391 2697 materia,
2413 2648 2468 2689 et
2493 2654 2608 2703 par-

472 2731 645 2794 tibus3
679 2744 892 2792 quarum
919 2728 1146 2793 quinque
1185 2726 1348 2789 facit;
1385 2726 1756 2789 inventionem,
1796 2725 2204 2789 dispositionem,
2242 2722 2611 2779 elocutionem,

473 2811 797 2870 memoriam,
838 2809 1332 2872 pronuntiationem.
1401 2808 1482 2857 De
1520 2808 1817 2856 inventione
1856 2821 2001 2870 ergo,
2034 2820 2146 2869 quae
2184 2804 2349 2868 prima
2373 2813 2489 2865 pars
2514 2812 2613 2857 est,

472 2889 585 2939 fuse
623 2890 843 2953 suscipit
876 2889 1070 2945 dicere,
1095 2897 1147 2939 et
1171 2890 1336 2953 qualis
1377 2903 1489 2939 esse
1516 2889 1565 2937 in
1607 2889 1744 2937 omui
1779 2902 2058 2954 causarum*
2087 2885 2462 2935 constitutione
2501 2891 2610 2932 tum

470 2971 832 3033 conjecturali,
855 2977 962 3019 tum
1001 2970 1293 3031 definitiva,
1317 2977 1425 3019 tum
1469 2971 1698 3032 generali
1737 2969 1948 3019 debeat.
2007 2968 2236 3017 Tandem
2261 2966 2611 3022 exordiorum,

473 3052 848 3114 narrationum,
889 3051 1249 3114 partitionum,
1272 3050 1740 3110 confirmationum,
1774 3050 2166 3109 refutationum,
2202 3047 2610 3106 conclusionum,
2699 3083 2702 3086 Α

401 3181 410 3187 ,
475 3139 743 3195 praecepta
766 3146 827 3181 ac
851 3132 1057 3195 regulas
1080 3132 1246 3204 ponit,
1265 3146 1547 3196 earumque
1571 3147 1686 3182 cum
1710 3133 1950 3196 virtutes,
1976 3139 2081 3181 tum
2108 3131 2249 3186 vitia,
2272 3138 2328 3179 et
2352 3144 2496 3200 usum
2522 3128 2611 3175 de-

473 3219 748 3262 tnomtrat.

402 3341 409 3418 s
496 3394 546 3440 1.
590 3378 653 3441 1.
698 3379 800 3461 [p.
830 3376 973 3457 42]
1021 3346 1252 3442 SAEPE
1300 3380 1369 3439 et
1421 3376 1699 3439 multum
1753 3376 1878 3439 hoc
1929 3395 2189 3439 mecum
2243 3373 2608 3464 cogitavi,²

407 3482 649 3544 bonine
681 3500 764 3544 an
799 3480 960 3544 mali
987 3481 1139 3566 plus
1171 3479 1466 3543 attulerit
1493 3478 1877 3571 hominibus
1900 3483 1966 3541 et
1989 3478 2381 3542 civitatibus
2405 3476 2612 3559 copia

1327 3627 1415 3652 000
1421 3625 1538 3648 0000
1544 3625 1691 3646 ‘0000

401 3726 407 3736 ’
473 3723 606 3772 ΟΑΡ.
637 3736 679 3772 1.
749 3724 775 3769 1
814 3727 830 3749 ‘
858 3717 1347 3781 anomconum]
1381 3719 1527 3767 Male
1566 3718 1659 3767 hos
1697 3717 1855 3767 libros
1888 3716 2101 3766 inscribi
2138 3719 2195 3767 de
2227 3716 2518 3776 Inventione,
2540 3731 2609 3765 ex

406 3787 570 3837 ‘Fabio
610 3799 664 3837 et
692 3786 962 3835 Prisciano
991 3786 1147 3833 docet
1172 3783 1426 3833 Gerhard.
1449 3784 1700 3843 Vossins;
1736 3783 1984 3847 additque
2024 3784 2281 3845 vulgatam
2320 3782 2611 3845 inscriptio-

407 3867 525 3900 nem
546 3868 648 3901 non
673 3867 785 3902 esse
809 3868 840 3899 a
857 3851 1046 3911 Tullio,
1069 3852 1212 3898 clare
1235 3864 1476 3912 arguere,
1496 3850 1633 3912 quod
1659 3864 1759 3897 non
1781 3850 1845 3896 de
1869 3852 1973 3897 sola
2000 3848 2309 3897 Inventione
2334 3849 2384 3895 in
2409 3848 2469 3896 iis
2492 3863 2610 3909 ege-

403 3919 495 3967 rit.
561 3918 628 3967 In
667 3918 775 3966 Ms.
814 3915 1114 3967 Coloniensi
1151 3915 1399 3964 Basilica
1422 3915 1668 3963 Maximae
1704 3915 2060 3979 antiquissimo
2086 3922 2210 3964 ante
2231 3912 2614 3977 Prolegomena

1400 4052 1620 4104 NOTAE
1645 4012 1650 4020 ·
1723 4071 1735 4078 ·

471 4155 495 4181 ⁸
529 4128 921 4209 Rhesso-imum]
968 4107 1087 4193 Hac
1127 4142 1470 4206 inscriptione
1552 4150 1633 4191 tos
1655 4141 1853 4190 Tullius
1876 4105 2199 4202 adolescens,
2222 4146 2281 4189 nt
2301 4140 2426 4204 ,ipse
2448 4146 2611 4192 testa-

412 4226 600 4286 passim
620 4225 849 4273 citantur
866 4238 897 4269 a
917 4221 1241 4272 Quintiliano
1258 4227 1314 4269 et
1329 4220 1468 4269 Pris·
1552 4226 1638 4268 tur
1660 4217 1727 4267 de
1750 4218 1905 4268 Orat.
1931 4218 1965 4265 1.
1991 4231 2032 4266 1.
2054 4218 2146 4280 §2
2168 4216 2351 4267 edidit.
2415 4219 2611 4268 Tantus

407 4304 559 4351 niano
591 4302 642 4349 hi
680 4300 818 4360 libri,
845 4313 974 4362 quos
1012 4297 1166 4347 rudes
1188 4304 1244 4348 et
1266 4297 1467 4360 impoli·
1549 4303 1650 4362 est,
1673 4304 1730 4345 ut
1752 4294 1961 4345 memini
1999 4308 2081 4346 me
2107 4295 2220 4358 jam
2241 4295 2537 4361 observare,
2558 4298 2611 4347 in
