3020 4942
531 357 703 427 1232

1302 377 1379 423 Μ.
1427 375 1492 421 Τ.
1541 372 1944 426 CICERONIS

529 522 1007 608 expositioque
1038 521 1385 585 sententiae
1416 538 1596 585 snae:
1643 526 1782 584 tum
1814 520 1958 597 illa,
1999 539 2150 604 qnae
2196 521 2493 586 maxime
2527 521 2717 605 quasi

531 626 759 710 irrepit
799 624 865 687 in
907 623 1249 688 hominum
1280 631 1550 696 mentes,
1600 622 1738 687 alia
1783 623 2091 701 dicentis,
2128 643 2212 688 ac
2257 623 2713 706 significantia,

530 727 977 793 dissimulatio
997 745 1015 806 3
1039 734 1067 761 ⁷
1117 728 1300 810 [quae
1330 732 1433 788 est
1465 724 1888 808 perjucunda,
1922 745 2077 790 cum
2108 724 2177 788 in
2206 726 2511 789 oratione
2532 734 2559 774 ⁷
2587 746 2719 791 non

529 830 973 904 contentione,
995 826 1111 891 sed
1136 845 1440 891 sermone
1470 832 1787 891 tractatur
1808 826 1858 907 z]
1887 827 2038 892 204.
2063 825 2303 891 deinde
2327 827 2718 903 dubitatio,'

528 939 668 997 tum
719 930 1123 1006 distributio,
1182 935 1322 993 tum
1375 930 1753 1006 correctio,¹‘
1808 930 1917 993 vel
1966 937 2141 1007 ante,
2206 931 2308 995 vel
2358 937 2717 1016 postquam

529 1034 806 1111 dixeriS,
838 1033 946 1098 vel
974 1051 1123 1096 cum
1154 1028 1406 1113 aliquid
1456 1049 1501 1094 a
1550 1034 1614 1094 te
1653 1032 1844 1114 ipse⁸
1896 1032 2205 1117 rejicias:
2250 1034 2718 1116 praemunitio!

1449 1212 1803 1234 OOOOOOOOOOO‘

526 1333 683 1398 paulo
703 1339 839 1393 post,
863 1330 1084 1381 veritatis
1101 1346 1117 1379 .·
1148 1329 1574 1393 superscriptioqne
1593 1328 1841 1379 sententia·
1870 1344 1987 1379 σω.
2058 1331 2176 1379 Tum
2195 1330 2299 1386 illa,
2319 1332 2505 1394 afa—⁷
2542 1330 2718 1378 Pearc.

528 1413 596 1447 ex
621 1397 922 1460 quibusdam
947 1396 1097 1445 codd.
1119 1410 1224 1444 cum
1244 1395 1296 1443 in
1316 1395 1565 1443 orationis.
1632 1393 1805 1443 Verba
1840 1395 1985 1443 uncis
2020 1396 2221 1444 inclusa
2242 1395 2432 1445 desunt
2468 1395 2521 1443 in
2562 1395 2718 1443 tribus

527 1464 681 1514 codd.
752 1464 895 1519 Mox,
926 1476 1021 1525 pro
1052 1460 1298 1523 eorrectio,
1317 1461 1427 1510 Erl.
1450 1463 1495 1509 1.
1521 1458 1683 1509 habet
1714 1461 2062 1523 ‹seraptim—8
2097 1461 2184 1510 Ita
2219 1474 2248 1508 e
2285 1460 2599 1524 conjectura
2633 1461 2721 1510 Er-

1512 1624 1732 1675 NOTAE

591 1734 615 1758 v
649 1724 1002 1788 Dissimulate]
1042 1724 1164 1773 Sive
1198 1722 1364 1773 ironia
1396 1736 1499 1786 qua
1531 1735 1587 1770 a·

524 1802 634 1852 liud
659 1803 867 1858 dicitur,
891 1801 1026 1850 aliud
1062 1800 1267 1850 omnino
1290 1801 1586 1863 oppositum

524 1880 851 1944 intelligitur.
916 1878 1117 1928 Tullius
1154 1877 1204 1927 in
1243 1878 1523 1928 Pisoniana
1556 1891 1587 1927 a

527 1959 554 2021 §
579 1961 661 2007 58.
685 1956 749 2006 ad
772 1960 854 2007 62.
896 1956 1059 2005 ironia
1091 1955 1311 2004 mirabili
1341 1955 1584 2005 Pisonem

525 2035 781 2096 exagitat,
803 2032 892 2097 qni
931 2038 1214 2094 negaverat
1247 2047 1302 2081 se
1338 2033 1586 2096 triumphi

522 2110 768 2173 cupidum
809 2123 948 2157 esse:
997 2109 1151 2158 ‘Non
1197 2118 1281 2157 est
1326 2111 1586 2172 integrum

526 2188 623 2237 Cu.
657 2188 911 2250 Pompeio
947 2186 1163 2236 consilio
1192 2186 1301 2249 jam
1341 2186 1418 2234 nti
1460 2193 1582 2233 tuo:

524 2262 722 2312 erravit
765 2264 938 2312 enim:
995 2276 1097 2310 non
1154 2268 1388 2325 gustarat
1434 2262 1584 2309 istam

526 2348 667 2389 tuam
714 2338 1118 2402 philosophiam:
1169 2345 1251 2387 ter
1281 2337 1391 2401 jam
1432 2337 1586 2386 homo

523 2419 716 2468 stultns
759 2415 1119 2479 triumphavit.
1185 2414 1395 2478 Crasse,
1423 2414 1586 2477 pudet

525 2511 607 2546 me
633 2497 737 2556 tui:
772 2494 893 2559 quid
925 2503 1009 2544 est
1031 2493 1167 2559 quod
1188 2481 1448 2542 ¹confecto
1481 2491 1584 2541 for·

521 2571 915 2624 midolosissimo
961 2572 1114 2627 bello,
1159 2583 1401 2619 coronam
1443 2568 1584 2618 illam

521 2649 750 2698 lauream
796 2648 892 2698 tibi
933 2655 1209 2711 tantopere
1243 2646 1455 2695 decerni
1498 2660 1585 2695 vo·

521 2726 679 2775 luetis
711 2741 742 2774 a
777 2726 996 2775 senatu?
1058 2724 1123 2773 P.
1143 2723 1350 2787 Servili,
1387 2722 1583 2772 &Me-

523 2802 666 2865 telle‚
694 2802 755 2853 C.
776 2804 959 2864 Curio,
981 2802 1045 2852 P.
1066 2800 1334 2863 Africano,
1356 2814 1450 2850 cur
1481 2815 1585 2849 non

520 2878 739 2928 audistis
783 2887 886 2928 tam
926 2879 1136 2929 doctum
1168 2877 1443 2932 hominem,
1479 2883 1582 2928 tam

521 2955 800 3013 eruditum,
829 2955 1129 3019 priusquam
1161 2955 1214 3004 in
1251 2955 1404 3003 istum
1443 2968 1583 3006 erro·

521 3046 631 3081 rem
682 3031 1093 3082 induceremini:²
1160 3031 1210 3081 Ο
1254 3033 1441 3084 stultos
1482 3031 1585 3083 Ca·

521 3109 711 3167 millos,
729 3110 910 3159 Curios
934 3142 948 3158 .
965 3140 1010 3159 ..
1025 3143 1039 3159 .
1063 3107 1165 3159 Sed
1185 3108 1425 3173 quoniam
1448 3123 1582 3173 prae-

523 3184 681 3234 terita
717 3194 918 3234 mutare
960 3199 1064 3233 non
1104 3199 1409 3248 possumus:
1457 3185 1583 3247 quid

520 3272 687 3310 cessat
713 3262 797 3311 hic
827 3261 1058 3309 homulus
1093 3275 1159 3309 ex
1187 3262 1372 3324 argilla
1394 3269 1449 3311 et
1471 3262 1582 3311 into

518 3337 672 3387 fictus
693 3339 999 3401 Epicureus,
1020 3338 1146 3387 dare
1180 3338 1290 3387 baec
1328 3339 1583 3402 praelata

522 3425 792 3479 praecepta
851 3415 1130 3478 sapientiae
1182 3415 1464 3466 clarissimo
1525 3423 1581 3468 et

519 3506 715 3541 summo
737 3492 1032 3555 imperatori
1055 3506 1247 3555 genero
1264 3508 1355 3542 suo
1375 3493 1395 3541 i·
1416 3492 1581 3542 fertur

517 3569 606 3618 ille
633 3570 729 3632 vir,
763 3568 884 3618 mihi
919 3568 1094 3632 crede,
1122 3569 1284 3630 gloria
1307 3600 1323 3615 .
1347 3601 1360 3614 .
1380 3603 1393 3617 .
1417 3570 1581 3618 medi-

519 3653 633 3693 tare
674 3645 858 3709 quibus
902 3646 1073 3695 verbis
1125 3647 1388 3695 incensam
1442 3647 1578 3695 illius

515 3723 857 3784 cupiditatem
914 3723 1225 3786 comprimas
1283 3732 1440 3787 atque
1499 3739 1579 3773 re·

517 3799 744 3860 stinguas
766 3831 779 3845 .
804 3833 819 3848 .
844 3834 857 3849 .
882 3831 897 3846 .
922 3799 1063 3848 dices
1087 3801 1222 3848 enim
1254 3807 1314 3848 ut
1343 3814 1400 3848 es
1428 3800 1581 3850 homo

517 3876 740 3939 facetus,
756 3877 819 3925 ad
844 3877 1260 3940 persuadendum
1278 3876 1580 3939 concinnus,

517 3952 805 4015 perfectus,
852 3952 1042 4015 politus
1091 3966 1122 4000 e
1176 3952 1367 4002 schola.
1434 3951 1574 4003 Quid

516 4037 621 4089 est,
664 4028 860 4084 Caesar,
900 4028 1036 4091 quod
1071 4034 1124 4076 te
1163 4029 1576 4092 supplicationes

516 4106 677 4156 toties
733 4105 984 4161 decretae,
1028 4109 1107 4153 tot
1140 4104 1359 4166 dierum,
1404 4112 1576 4153 tanto·

430 4213 445 4226 ι
519 4197 644 4247 pere
664 4182 962 4232 delectent?
981 4216 995 4231 .
1019 4218 1030 4231 .
1058 4211 1075 4228 .
1094 4180 1234 4232 Quid
1259 4180 1464 4230 tandem
1487 4183 1577 4231 lta-

515 4261 608 4312 bet
628 4259 731 4312 iste
755 4260 972 4311 currus?
995 4257 1120 4325 quid
1134 4259 1297 4311 vincti
1320 4267 1441 4311 ante
1458 4273 1575 4310 cnr-

1662 1736 1773 1770 rnm
1810 1720 2006 1772 duces?
2045 1720 2172 1784 quid
2204 1720 2484 1771 simulacra
2507 1720 2725 1785 oppido·

1663 1799 1807 1848 rum?
1851 1799 1972 1864 quid
2008 1813 2184 1848 aurum
2205 1798 2228 1846 ?
2258 1797 2386 1863 qnid
2408 1800 2721 1862 argentum?

1661 1874 1781 1941 quid
1807 1876 1964 1937 legati
1988 1876 2041 1924 in
2064 1875 2231 1939 equis,
2260 1882 2316 1925 et
2345 1875 2578 1926 tribuni?
2601 1875 2720 1942 qnid

1661 1954 1854 2003 clamor
1878 1953 2133 2002 militum?
2166 1951 2289 2017 quid
2329 1959 2443 2002 tota
2468 1953 2559 2001 illa
2584 1969 2722 2017 pom-

1661 2032 1764 2094 pa?
1797 2032 1972 2079 inania
1995 2039 2115 2080 sunt
2145 2030 2263 2086 ista,
2287 2030 2407 2078 mihi
2431 2029 2616 2086 crede,
2636 2031 2725 2079 de-

1659 2109 1976 2158 lectamenta
1999 2122 2150 2172 paene
2175 2120 2472 2170 puerorum,
2508 2115 2728 2169 captare

1661 2187 1886 2250 plausus,
1932 2185 2047 2234 vehi
2104 2198 2199 2247 per
2241 2181 2444 2242 urbem,
2490 2182 2727 2247 conspici

1659 2262 1813 2317 velle,
1834 2264 1933 2310 ὅτε.
1999 2260 2119 2309 Hac
2146 2271 2203 2309 tu
2237 2259 2478 2310 oratione
2503 2274 2608 2309 non
2634 2259 2729 2311 du·

1659 2339 1770 2390 bito
1806 2338 1931 2403 quin
1963 2338 2103 2387 illum
2132 2337 2245 2401 jam
2273 2335 2650 2385 ascendentem
2673 2337 2724 2386 in

1660 2430 1862 2466 currum
1889 2414 2053 2478 possis
2075 2426 2341 2463 revocare.
2386 2412 2436 2462 Ο
2455 2413 2722 2462 tenebra!

1658 2507 1691 2543 o
1735 2492 1927 2542 lutum!
1976 2507 2008 2541 o
2052 2490 2287 2542 sordesl'
2324 2494 2426 2540 ὅτε.
2499 2491 2635 2540 Vide
2672 2496 2725 2540 et

1660 2571 1814 2619 Verr.
1832 2570 1925 2619 ult.
1950 2570 1976 2633 §
2000 2572 2082 2618 26.
2118 2576 2175 2617 et
2207 2568 2610 2631 Misopogonem
2631 2568 2724 2620 διι-
2808 2629 2812 2633 ,

1659 2647 1798 2704 liani,
1835 2646 1921 2711 qui
1960 2653 2213 2710 perpetua
2244 2645 2407 2693 ironia
2435 2651 2726 2694 contextu·

1660 2732 1760 2773 est.
2119 2765 2132 2772 -

1724 2807 1757 2832 '
1804 2798 2086 2861 Dubitatio]
2141 2800 2226 2850 De
2267 2813 2371 2862 qna
2412 2797 2480 2846 ad
2521 2798 2723 2850 Heren-

1657 2874 1747 2923 lib.
1768 2889 1843 2925 tv.
1865 2878 1891 2939 ς
1912 2879 1996 2925 40.
2054 2876 2147 2928 Est
2171 2884 2427 2939 praeterea
2449 2876 2723 2942 egregium

1658 2941 1953 3013 exemplum
1975 2953 2026 3002 in
2051 2953 2202 3001 Verr.
2225 2952 2315 3001 lib.
2339 2966 2390 3000 v.
2414 2954 2443 3015 ξ
2464 2955 2580 3000 103.
2617 2950 2722 3001 Oc·

1656 3029 1897 3079 currebat
1926 3030 2014 3080 illa
2037 3031 2193 3080 ratio:
2230 3039 2245 3061 ³
2264 3028 2406 3082 Quid
2435 3030 2721 3079 Cleomene

1657 3105 1783 3158 fiet?
1822 3115 2076 3170 poterone
2096 3107 2510 3157 animadvertere
2537 3108 2589 3156 in
2612 3122 2719 3169 eos,

1656 3189 1785 3250 qu'os
1807 3185 1952 3234 dicto
1979 3186 2250 3236 audientes
2272 3200 2383 3235 esse
2396 3185 2569 3248 jussi?
2604 3186 2720 3234 mis-

1658 3276 1769 3310 sum
1792 3261 1966 3312 facere
1988 3278 2125 3322 eum,
2147 3263 2229 3313 cui
2251 3263 2519 3325 imperium
2550 3270 2719 3323 potes·

1660 3345 1922 3403 tatemque
1961 3339 2203 3403 permisi?
2228 3370 2243 3385 .
2265 3371 2279 3386 .
2303 3372 2317 3387 .
2343 3339 2537 3388 Pereat
2567 3337 2716 3386 Cleo·

1656 3429 1833 3464 menes
1869 3430 1985 3464 una.
2051 3415 2154 3464 Ubi
2188 3414 2352 3463 fides?
2384 3414 2473 3462 nbi
2504 3426 2716 3462 execra-

1658 3491 1863 3540 tiones?
1906 3491 1994 3540 ubi
2034 3490 2237 3540 dextroe
2274 3490 2715 3553 complexusque?

1659 3602 1674 3617 .
1700 3601 1714 3617 .
1740 3600 1754 3616 .
1798 3566 1913 3616 fieri
1963 3568 2102 3616 nullo
2157 3559 2310 3616 modo
2352 3573 2562 3630 poterat
2594 3566 2715 3632 quin

1656 3646 1918 3696 Cleomeni
1940 3644 2280 3709 parceretur.’

1718 3730 1745 3756 ¹
1784 3722 2051 3786 Correctt’o]
2100 3722 2198 3771 Est
2242 3723 2353 3770 liaec
2389 3721 2628 3770 aculeata
2662 3721 2715 3768 in

1655 3814 1882 3849 sororem
1929 3800 2099 3849 Clodii
2144 3813 2237 3862 pro
2288 3798 2482 3846 Coelio:
2521 3796 2715 3849 ‘Quod

1638 3879 1860 3944 ,quidem
1908 3875 2134 3926 facerem
2190 3874 2562 3930 vehementius,
2617 3872 2717 3920 nisi

1656 3954 1938 4004 inimicitie
1982 3951 2368 4001 intercederent
2399 3965 2516 4000 cnm
2565 3951 2717 3999 istius

1658 4031 1886 4080 mulieris
1922 4030 2063 4078 viro:
2097 4028 2310 4076 fratrem
2345 4027 2481 4075 volui
2505 4027 2716 4076 dicere:

1657 4120 1861 4168 semper
1904 4106 1988 4154 hic
2024 4103 2179 4155 erro!
2244 4103 2377 4154 Vide
2412 4104 2476 4154 ad
2512 4104 2716 4155 Heren.

1656 4184 1748 4234 lib.
1773 4197 1852 4232 tv.
1875 4185 1902 4247 ς
1927 4186 2008 4232 36.
2305 4226 2312 4232 ,

1719 4266 1743 4301 5
1778 4255 2119 4321 Premitt‘o]
2152 4255 2332 4308 Qualis
2354 4261 2437 4305 est
2458 4254 2576 4307 haec
2596 4257 2715 4306 Tul·
