3020 4942
550 384 722 448 1130
1330 400 1406 445 M.
1452 400 1519 445 Τ.
1568 397 1972 447 cressonis

552 549 779 608 senatu
804 562 877 607 se
907 543 1382 626 rempublicam
1406 562 1623 625 gerere
1645 562 1772 606 non
1796 561 2002 625 posse
2028 563 2045 606 :
2094 561 2284 606 mane
2312 540 2544 605 Idibus
2569 540 2704 624 Sep-

550 648 878 725 tembriS,‘
900 654 920 693 ³
969 652 1040 710 et
1081 646 1220 721 ille,
1252 656 1322 711 et
1368 655 1643 711 senatus
1672 645 1991 729 frequens
2023 650 2262 709 vocatu
2298 645 2497 708 Drusi
2526 645 2586 707 in
2615 664 2709 707 cu-

550 751 718 814 riam
768 750 969 813 venit.
1058 748 1168 813 Ibi
1210 769 1362 813 cum
1411 751 1678 814 Drusus
1723 749 1935 813 multa
1979 748 2061 812 de
2107 747 2427 830 Philippo
2471 753 2713 831 questus

550 860 755 930 esset,
800 852 1033 916 retulit
1062 852 1149 916 ad
1181 857 1478 915 senatum
1516 852 1598 915 de
1629 851 1743 915 illo
1775 852 1952 933 ipso,
1985 849 2164 932 quod
2195 849 2436 913 consul
2479 850 2543 912 iu
2585 868 2715 912 eum

551 955 886 1019 ordinem‘
914 963 1048 1019 tam
1076 955 1397 1036 graviter4
1426 956 1493 1018 in
1521 955 1835 1019 concione
1859 960 2038 1015 esset
2059 952 2384 1016 invectus·
2449 951 2513 1016 3.
2545 950 2710 1023 Ηίο,ς

549 1064 626 1120 ut
654 1076 841 1141 saepe
870 1057 1035 1120 inter
1063 1039 1370 1120 homines
1411 1056 1947 1139 sapientissimos
1992 1061 2303 1119 constare
2331 1054 2496 1128 vidi,
2537 1074 2716 1137 quan-

551 1179 754 1242 quam
783 1158 919 1223 hoc¹
945 1158 1216 1236 Crasso,
1248 1177 1396 1223 cum
1429 1159 1683 1243 aliquid
1710 1158 2095 1223 accuratius
2124 1157 2438 1232 dixisset,
2487 1176 2721 1239 semper
2817 1167 2821 1172 ’

548 1262 681 1326 fere
727 1261 1147 1343 contigisset,
1191 1270 1266 1325 ut
1305 1281 1647 1346 nunquam
1695 1262 1957 1326 dixisse
1992 1260 2226 1324 melius
2255 1265 2609 1343 putaretur,
2633 1251 2721 1322 'ta-

546 1384 700 1427 men
730 1365 1025 1428 omnium
1055 1385 1379 1448 consensu
1412 1367 1513 1429 sic
1543 1385 1692 1429 esse
1721 1372 1859 1428 tum
1885 1364 2262 1448 judicatum
2292 1363 2548 1440 audivi,
2577 1368 2725 1426 cete·

548 1486 659 1530 ros
705 1486 746 1531 a
787 1465 1040 1532 Crasso
1077 1487 1343 1551 semper
1381 1487 1631 1543 omneS‚
1665 1468 1782 1532 illo
1813 1473 2029 1532 autem
2060 1468 2169 1532 die
2201 1467 2404 1530 etiam
2436 1468 2651 1549 ipsum
2692 1485 2726 1528 a

548 1552 700 1632 sese
731 1567 1141 1651 superatum.
1213 1568 1655 1652 Deploravit⁶
1687 1570 1861 1634 enim
1893 1589 2125 1635 casum
2158 1574 2360 1653 atque
2396 1568 2728 1632 orbitatem

550 1677 823 1736 senatus
851 1693 871 1753 ;
913 1672 1110 1755 cujus
1140 1672 1394 1736 ordinis
1428 1693 1470 1737 a
1501 1674 1797 1748 consule,
1844 1672 1957 1755 qui
2009 1671 2212 1756 quasi
2238 1690 2485 1754 pareus
2512 1671 2726 1741 bonus,

550 1781 671 1838 aut
714 1780 894 1838 tutor
932 1774 1150 1839 fidelis
1189 1795 1339 1839 esse
1391 1776 1686 1850 deberet,
1737 1782 2057 1859 tanquam
2101 1775 2190 1838 ab
2232 1774 2472 1856 aliquo
2506 1773 2731 1837 nefario

548 1876 866 1960 praedone
913 1877 1305 1960 diriperetur
1346 1878 1819 1962 patrimonium
1863 1877 2207 1958 dignitatis
2232 1897 2249 1942 ε
2274 1887 2297 1915 t
2338 1896 2563 1961 neque
2596 1894 2731 1938 vero

551 1989 704 2041 esse
735 1979 1131 2057 mirandum,
1174 1981 1255 2056 si,
1295 2001 1452 2045 cum
1491 1981 1633 2046 suis
1673 1981 1977 2046 consiliis
2007 1980 2503 2063 rempublicam
2534 1978 2734 2062 profli-

549 2080 885 2161 gassets⁰
923 2082 1282 2173 consilium
1328 2089 1600 2148 senatus
1651 2103 1692 2147 a
1738 2083 2129 2167 republica⁷
2174 2081 2604 2164 repudiaret!
2678 2080 2732 2142 4³
2833 2082 2840 2090 “

550 2181 693 2246 Hic
738 2203 890 2248 cum
935 2183 1192 2248 homini
1230 2192 1298 2251 et
1325 2186 1724 2262 vehementi,
1764 2191 1836 2249 et
1865 2185 2135 2264 diserto,
2164 2191 2231 2249 ct
2258 2186 2575 2269 inprimis
2604 2183 2734 2249 forti

550 2284 636 2348 ad
669 2286 1127 2362 resistendum,
1161 2286 1506 2371 Philippo,-
1541 2289 1735 2372 quasi
1765 2288 2096 2371 quasdam
2132 2289 2497 2353 verborum
2528 2281 2738 2352 faces⁸

615 2494 637 2520 ⁶
669 2487 869 2537 Decimo
893 2488 1037 2537 tertio
1060 2489 1365 2552 Septembris.
1691 2489 1718 2524 ἆ
1751 2491 1812 2540 In
1833 2498 2063 2541 senatum.

570 2615 577 2619 ᾳ
612 2559 633 2584 θ
670 2551 819 2612 Cuius
849 2554 1030 2603 ordinis
1059 2557 1342 2615 auctoritas,
1378 2572 1483 2620 quoe
1518 2558 1647 2606 velut
1679 2556 2111 2616 hoereditariojure
2133 2573 2162 2606 u
2180 2552 2398 2620 patribus
2421 2563 2616 2620 acceptu
2635 2558 2738 2610 erat,

546 2617 843 2682 affligeretur
863 2635 894 2667 a
912 2620 1115 2677 consule,
1147 2625 1372 2683 tanquam
1392 2622 1451 2670 ab
1472 2622 1631 2684 aliquo
1653 2624 1880 2672 scelerato
1911 2624 2113 2681 latrone,
2149 2638 2255 2670 cum
2289 2627 2449 2671 tamen
2485 2622 2585 2686 ipse
2605 2618 2742 2670 consul

548 2698 653 2731 eam
675 2688 900 2746 tauquam
919 2691 1060 2746 puter
1078 2687 1283 2749 optimus
1304 2692 1387 2735 aut
1396 2687 1567 2750 fidelis
1588 2692 1719 2735 tutor
1740 2687 1927 2736 deberet
1947 2702 2262 2751 propugnare.

603 2745 640 2788 s
664 2747 983 2798 Perdidisset.
1302 2760 1330 2795 s
1367 2751 1527 2801 Nollet
1550 2767 1696 2815 remp.
1717 2758 1907 2801 senatus
1927 2753 2136 2801 consiliis
2161 2751 2398 2813 adiuvari.

1467 2899 1497 2917 θ
1502 2897 1830 2916 OOOOOOOOOOO
2199 2924 2230 2938 ·

548 2999 699 3049 aliud.
762 3000 911 3058 Mox,
936 3001 989 3048 in
1015 3001 1195 3050 eadem
1223 3002 1307 3051 ed.
1327 3020 1491 3065 regere
1525 3022 1619 3056 non
1652 3016 1804 3070 posse.
1869 3005 1966 3055 Ed.
2002 3002 2248 3055 Gothofr.
2285 3010 2342 3051 et
2372 3002 2614 3065 quaedam
2646 3001 2743 3048 aliae

547 3066 907 3113 concilium—3
944 3064 1295 3129 Septembribus
1321 3069 1501 3120 Lamb.
1552 3072 1865 3136 septemlibris
1899 3072 2007 3119 Eri.
2037 3074 2180 3118 1.-4
2219 3067 2396 3117 Gueif.
2424 3073 2474 3117 1.
2512 3078 2569 3119 et
2592 3068 2688 3116 Eri.
2710 3071 2746 3114 1.

548 3131 680 3204 quod-
693 3130 745 3177 in
767 3145 869 3178 eum
891 3132 1104 3180 ordinem
1124 3134 1304 3190 consul,
1327 3138 1413 3190 ἅτ.
1480 3136 1751 3185 Particula
1773 3143 1871 3186 tam
1895 3134 2044 3184 deest
2069 3137 2122 3182 in
2146 3135 2250 3196 Eyl.
2274 3138 2419 3182 1.—5
2458 3134 2571 3183 Hoc
2592 3133 2744 3182 Ertl.

550 3194 655 3242 Hac
674 3209 800 3256 soepe
826 3195 1010 3270 bamb.
1033 3204 1088 3245 et
1107 3198 1251 3260 Mag.
1304 3199 1452 3249 Hunc
1473 3217 1600 3264 saepe
1624 3201 1805 3252 Guelf.
1828 3208 1875 3251 l.
1924 3201 2027 3249 Hic
2059 3204 2106 3248 et
2127 3214 2249 3261 saepe
2275 3197 2455 3248 Guelf.
2479 3204 2528 3249 2.
2598 3197 2745 3245 Paulo

549 3266 691 3317 post»
729 3268 983 3334 cynttgtsse
1020 3260 1071 3308 in
1117 3263 1300 3311 eodem
1347 3266 1554 3328 codice3
1608 3268 1864 3328 contigisse
1903 3265 2150 3314 constabat
2184 3261 2358 3313 Guelf.
2394 3267 2441 3311 3.
2487 3270 2543 3312 et
2583 3261 2746 3324 Steph-

549 3322 699 3378 Mox,
722 3337 792 3372 stc
813 3329 884 3381 est
907 3329 1008 3372 tum
1019 3326 1289 3386 judicatum
1311 3329 1520 3379 Manut.
1573 3333 1758 3393 audivi,
1785 3331 1918 3395 quod
1955 3330 2146 3377 habent
2172 3329 2257 3378 ed.
2280 3344 2321 3376 s.
2346 3329 2379 3375 Ι.
2398 3336 2454 3377 et
2482 3346 2529 3376 a.
2550 3330 2747 3391 aliaque

551 3396 679 3436 vett.
714 3402 800 3448 ap.
834 3388 1063 3450 Ernesti,
1094 3390 1245 3440 deest
1279 3392 1331 3442 in
1368 3395 1489 3445 And.
1514 3395 1666 3445 Jnnt.
1691 3398 1836 3446 Mun.
1862 3396 2039 3443 Lamb.
2062 3395 2218 3443 Grut.
2251 3393 2405 3442 Mun.
2439 3394 2608 3442 Orell.
2638 3404 2745 3455 pro·

551 3453 711 3501 baute
727 3453 970 3503 Matthiae
992 3454 1058 3505 de
1078 3455 1293 3506 Auacol.
1313 3464 1428 3522 p.9.
1466 3462 1740 3510 audivimus
1761 3461 1918 3517 habet
1933 3459 2049 3508 cod.
2071 3461 2202 3521 Reg.
2225 3462 2374 3508 7703.
2395 3473 2479 3519 ap.
2504 3460 2576 3506 Le
2596 3459 2749 3505 Clerc.

550 3519 795 3594 Cet-erum
815 3519 1023 3568 Schutz.
1049 3529 1211 3569 totum
1249 3523 1415 3572 locum
1452 3526 1530 3573 ita
1568 3525 1798 3585 refinxit,
1823 3526 1940 3579 Hic.
1973 3539 2236 3587 quanquam
2270 3524 2354 3571 hoc
2390 3523 2523 3572 inter
2553 3522 2748 3571 homines

548 3584 921 3644 sapientissimos
944 3591 1167 3636 constare
1187 3587 1306 3644 viai,
1332 3591 1527 3646 Crasso,
1549 3606 1656 3640 cum
1688 3590 1871 3653 aliquid
1904 3592 2171 3638 accuratius
2203 3587 2425 3641 dixisset,
2456 3601 2635 3650 semper
2651 3588 2750 3645 sere

549 3649 821 3709 contigisse,
844 3654 899 3711 ut
917 3665 1156 3714 nunquam
1179 3686 1194 3700 .
1217 3686 1230 3700 .
1249 3685 1262 3700 .
1275 3653 1543 3713 judicatum
1567 3654 1748 3704 audio&
1814 3655 2079 3716 Denique,
2099 3669 2129 3700 a
2150 3667 2199 3702 se
2218 3656 2492 3714 superatum
2515 3654 2624 3702 Eri.
2639 3656 2681 3700 1.
2700 3657 2749 3698 et

551 3714 837 3764 Lamb.-6
874 3715 1183 3777 Deploratum
1206 3718 1313 3767 Eri.
1341 3726 1387 3767 l.
1455 3720 1606 3773 Idem
1645 3735 1782 3777 mox,
1815 3725 2006 3768 senatus
2040 3733 2127 3781 quo
2161 3718 2234 3766 vis
2271 3717 2454 3765 ordinis
2477 3751 2491 3764 .
2514 3753 2526 3767 .
2550 3750 2564 3764 .
2586 3723 2681 3765 tam
2698 3714 2750 3761 ab

550 3778 709 3842 “liquo
725 3780 932 3842 predone
959 3781 1160 3840 nefario.
1228 3782 1335 3831 Pro
1367 3799 1561 3846 parens,
1585 3799 1762 3848 margo
1785 3785 1930 3834 Crat.
1965 3783 2126 3832 habet
2157 3786 2500 3844 patronus—'7
2537 3781 2622 3830 Ita
2643 3778 2753 3829 And.

551 3842 701 3894 Junt.
740 3843 922 3895 Lamb.
953 3844 1108 3895 Grut.
1145 3847 1197 3894 in
1233 3862 1334 3896 rem
1372 3850 1604 3912 publicam
1639 3865 1771 3900 unus
1809 3848 2011 3907 codex3
2052 3848 2189 3896 unde
2222 3847 2273 3895 in
2314 3861 2368 3895 re
2404 3846 2592 3909 publica
2624 3843 2751 3905 conj.

550 3908 757 3958 Schutz.
791 3908 863 3957 rei
895 3910 1094 3968 publicoe
1126 3925 1255 3960 unus
1281 3913 1454 3961 Oxon.
1478 3922 1534 3963 et
1558 3915 1684 3964 edd.'
1703 3922 1832 3964 vett.
1888 3914 2135 3963 consilium
2166 3914 2238 3960 rei
2270 3911 2469 3973 pumice
2501 3910 2639 3972 conj.
2663 3911 2748 3959 Er-

555 3975 716 4035 ¹¹0⁸¹53
749 3973 997 4023 von-'ilium
1015 3981 1180 4026 senatu
1197 3992 1300 4041 rep.
1322 3979 1458 4042 conj.
1482 3981 1898 4044 neumaga-8
1935 3977 2301 4037 Lamb.sasces.
2368 3977 2514 4038 Mox,
2535 3977 2619 4026 sed
2645 3989 2749 4037 gre·

1569 4134 1790 4185 NOTAE

572 4224 573 4227 ¹
614 4243 636 4269 ⁰
663 4217 1009 4299 Profligasset]
1051 4233 1302 4299 Asperius
1342 4236 1539 4288 dictum
1565 4234 1618 4289 in
1703 4255 1814 4289 sum
1850 4237 2123 4288 seditionis
2157 4242 2422 4285 auctorem
2449 4234 2748 4299 exagitaret,

555 4310 873 4382 Rhilippum,
895 4312 983 4375 qui
1009 4312 1198 4361 cumin
1219 4328 1281 4363 ea
1305 4328 1463 4366 causa
1487 4318 1624 4366 Dru·
1705 4316 1839 4368 bene
1859 4315 1926 4366 de
1951 4329 2065 4379 rep.
2085 4313 2302 4365 meritus
2326 4320 2425 4362 est.
