3020 4942
2316 362 2489 431 11:39

290 544 504 590 causa
529 522 1326 590 libertatemzrecusandi:
1362 542 1746 605 quanquam
1777 523 1846 585 in
1878 520 2233 603 partienda
2257 522 2489 605 dispu„

288 628 817 701 tationenostra,
849 646 1001 690 cum
1042 626 1173 689 sibi
1214 617 1298 689 de
1329 626 1437 703 iis,
1468 629 1665 707 quae9
1709 623 1845 689 dici
1875 625 1961 687 ab
1993 633 2257 689 oratore
2289 643 2489 708 oporff

287 736 478 804 tenet,
499 734 808 800 sumeret,
833 729 994 792 mihi
1021 733 1240 792 autem
1263 728 1685 811 relinqueret,
1711 733 1787 791 ut
1807 726 2242 809 explicarem,
2264 748 2491 810 quem«

291 831 657 902 admodum
705 831 825 894 illa
868 831 1090 895 ornari
1132 836 1509 912 oporteret3
1555 848 1639 893 ea
1691 828 1946 905 divisit,
1995 848 2148 910 quae
2196 829 2494 914 sejuncta

290 953 447 997 esse
495 952 627 996 non
682 939 991 1015 possunt.
1081 931 1262 999 Nam
1308 951 1460 995 cum
1507 931 1722 995 omnis
1765 950 1852 993 ex
1898 950 1966 994 re
2018 937 2219 1014 atque
2269 933 2494 1017 verbis

289 1042 560 1099 constet
609 1035 868 1114 oratio;
914 1054 1130 1118 neque
1185 1034 1386 1097 verba
1431 1033 1657 1096 sedem
1688 1041 1739 1070 ¹0
1781 1030 2026 1096 habere
2075 1041 2381 1115 possunt,
2434 1036 2494 1106 si

286 1156 443 1208 rem·
485 1137 920 1216 subtraxeri8‚
973 1154 1195 1219 neque
1253 1154 1359 1200 res
1414 1134 1665 1210 lumen,
1730 1135 1790 1196 si
1843 1136 2049 1199 verba
2108 1137 2493 1201 semoveris.

285 1237 397 1303 20.
442 1239 550 1303 Ac
596 1239 757 1302 mihi
807 1238 1076 1319 quidem
1133 1243 1393 1300 veteres
1441 1236 1559 1311 illi,
1619 1235 1836 1321 majus
1895 1236 2220 1320 quiddam
2267 1240 2495 1306 animo

291 1339 659 1422 complexi,
683 1340 888 1406 multo
917 1340 1072 1421 plus
1093 1339 1298 1402 etiam
1322 1344 1367 1374 ¹¹
1402 1337 1658 1401 vidisse
1681 1338 2033 1417 videntur!
2060 1360 2259 1423 quam
2283 1360 2498 1424 quan-1

289 1445 432 1505 tum
463 1447 839 1505 nostrorum
885 1440 1285 1523 ingeniorum
1324 1440 1508 1504 acies
1539 1441 1775 1505 intueri
1805 1447 2071 1523 potest:
2120 1444 2240 1526 qui
2270 1443 2499 1510 omnia

290 1543 462 1618 haec,
508 1563 661 1627 quae
708 1563 915 1626 supra
957 1550 1024 1606 et
1066 1543 1320 1617 subter,
1367 1562 1572 1606 unum
1619 1551 1826 1621 esse,y
1873 1551 1946 1607 et
1989 1557 2126 1609 una·
2175 1546 2254 1609 vi·
2286 1552 2497 1628 atque

289 1663 429 1710 una
454 1653 504 1682 ¹²·
549 1646 984 1710 consensione
1013 1651 1262 1709 naturae
1294 1646 1652 1710 constricta
1683 1665 1831 1709 esse
1859 1646 2230 1711 dixeruntss
2320 1633 2494 1715 Nui.

289 1748 431 1816 lum
457 1752 559 1812 est
590 1748 781 1810 enim·
801 1766 1015 1828 genus
1045 1766 1288 1822 rerum,
1315 1747 1495 1829 quod
1532 1755 1645 1812 aut
1676 1748 1988 1813 avulsum
2021 1770 2061 1813 a
2093 1750 2331 1815 ceteris
2379 1770 2500 1834 per

292 1852 587 1934 seipsum
640 1848 1010 1925 constare,‘
1054 1856 1191 1927 aut,
1237 1870 1372 1933 quo
1418 1856 1635 1916 cetera
1682 1852 1739 1914 si
1778 1859 2068 1929 careant,
2113 1852 2251 1916 vim
2303 1871 2496 1922 suam

293 1959 499 2035 atque
531 1953 976 2018 aeternitatem
1008 1971 1409 2018 conservare
1442 1954 1725 2035 possint.
1798 1970 1893 2016 vl.
1923 1954 2029 2018 21.
2064 1953 2199 2018 Sed
2224 1954 2283 2017 si
2304 1954 2450 2018 haec
2473 1962 2492 1990 ¹
2575 1987 2580 1990 v

291 2056 510 2141 major
557 2075 725 2119 essev
751 2056 922 2122 ratio
966 2056 1250 2134 videtur,
1298 2074 1502 2138 quam
1547 2063 1620 2119 ut
1660 2055 2003 2119 hominum
2034 2056 2256 2140 possit
2285 2076 2496 2124 sensu

294 2168 414 2228 aut
443 2160 843 2241 cogitatione
873 2157 1384 2243 comprehendi.
1367 2178 1383 2196 ·
1422 2164 1530 2224 est
1551 2159 1750 2224 etiam
1774 2158 1900 2225 illa
1930 2158 2240 2226 Platonis
2263 2166 2286 2193 ²
2319 2179 2495 2238 vera,

1003 377 1103 426 ns
1150 377 1526 431 canons,
1575 378 1687 428 ιιι.
1732 361 1796 425 6.

347 2341 383 2386 s
417 2342 650 2392 Videntur
672 2341 792 2391 mihi
810 2348 992 2392 veteres
1011 2346 1070 2393 de
1089 2358 1249 2393 rerum
1285 2343 1373 2392 hae
1401 2343 1715 2393 universitate
1745 2343 1947 2392 semeae
1969 2358 2110 2407 quam
2131 2359 2217 2392 uos
2238 2358 2295 2392 ac
2317 2344 2495 2394 vidisse

289 2408 612 2522 prdeazgilrza
634 2477 682 2521 et
703 2471 817 2531 ima,
849 2474 1016 2522 ooelum
1034 2488 1090 2522 ac
1114 2479 1284 2529 terras,
1318 2488 1463 2523 uuum
1483 2474 1711 2538 quiddam
1732 2488 1851 2537 esee,
1885 2473 2019 2534 cuius
2039 2480 2201 2537 partes
2224 2488 2382 2523 omnes
2402 2473 2499 2522 sibi

291 2543 456 2586 mutuo
479 2539 736 2598 conjuncte
757 2553 813 2586 ac
835 2552 1059 2587 conuexoe
1075 2537 1261 2598 forent.

361 2601 389 2634 Ι·
424 2605 694 2652 Consistere
720 2618 777 2650 ac
799 2604 989 2651 durare.

1209 2682 1362 2702 OOOOO
1368 2681 1577 2701 OOO‘OOO

289 2783 459 2827 nostra
481 2809 496 2825 .
520 2810 534 2824 .
558 2812 573 2828 .
595 2779 769 2841 eripuit
794 2778 930 2839 mihi,
955 2778 1145 2827 omisso
1169 2779 1441 2841 iuquit.—-9
1478 2779 1656 2828 Lamb.
1681 2780 1775 2828 sibi
1796 2794 1851 2827 ea
1872 2794 1993 2842 quoe.
2060 2781 2208 2833 Mox,
2230 2780 2495 2842 dicendum,

292 2845 377 2891 vel
410 2845 751 2901 disserendum,
796 2845 928 2906 conj.
959 2843 1169 2893 Schutz.
1220 2846 1367 2906 Mox,
1417 2845 1592 2902 verba,
1626 2845 1743 2892 mihi
1776 2850 1933 2893 autem
1970 2845 2054 2892 rel.
2096 2849 2149 2893 ut
2194 2845 2493 2906 explicarem,

294 2910 679 2972 quemadmodum
715 2910 799 2956 illa
836 2910 996 2958 ornari
1032 2915 1284 2972 oporteret,
1319 2912 1504 2959 desunt
1537 2912 1588 2958 in
1631 2911 1739 2958 Erl.
1781 2913 1960 2959 1.-10
1993 2910 2079 2958 Ita
2102 2909 2253 2957 codd.
2276 2911 2495 2973 aliquot,

295 2974 381 3023 ed.
403 2988 443 3020 s.
460 2974 495 3020 1.
517 2981 637 3024 eta.
659 2974 803 3022 Man.
823 2974 1002 3023 Lamb.
1023 2975 1177 3023 Grut.
1201 2975 1354 3039 fidem
1371 2976 1520 3027 Junt.
1537 2976 1685 3024 Crat.
1730 2976 1855 3024 Mox
1880 2975 2177 3023 subtraxeris
2194 2984 2495 3037 suspectum

289 3037 560 3089 Lambino.
563 3043 688 3087 —ll
727 3039 814 3087 Ita
848 3041 997 3089 codd.
1035 3039 1154 3090 edd.
1194 3048 1324 3089 vett.
1363 3040 1521 3092 (lt-ut

293 3110 310 3136 ⁶
337 3104 487 3154 Quod
512 3114 683 3151 tamen
707 3105 806 3152 ab
796 3106 856 3152 uis
880 3105 1174 3169 profectum
1199 3106 1428 3164 videtur,
1449 3106 1536 3170 qui
1560 3106 1847 3169 dactylicos
1867 3106 1958 3153 hos
1980 3120 2214 3154 numeros
2214 3106 2496 3222 Οὸοοῖῗιιο

2316 3185 2371 3220 re
2429 3195 2504 3211 -—-‹

1596 3042 1703 3104 plus
1742 3042 1888 3089 multo
1934 3040 2078 3089 etiam
2114 3041 2267 3091 Junt.
2311 3040 2495 3089 Lamb.

292 3169 532 3228 indignos
568 3178 856 3217 censerent.
923 3172 1185 3219 Ceterum
1206 3172 1395 3235 probus
1418 3173 1502 3223 hic
1526 3186 1728 3237 quoque
1750 3172 1897 3233 ordo,
1916 3173 2027 3234 plus
2046 3169 2229 3219 multo!

295 3238 360 3284 12
395 3235 528 3283 Voc.
552 3248 647 3282 una
663 3234 810 3281 deest
838 3235 887 3280 in
913 3236 1020 3284 Erl.
1041 3240 1089 3285 1.

362 3299 498 3348 ΟΜ».
525 3313 600 3347 v1.
637 3302 662 3347 1
699 3299 786 3347 Ita
819 3298 939 3347 edd.
979 3309 1109 3350 vett.
1143 3301 1293 3351 Junt.
1333 3303 1481 3351 Crat.
1516 3301 1699 3349 Lamb.
1751 3301 1868 3356 Sed
1896 3301 1999 3350 hoeo
2028 3301 2232 3349 Manut.
2260 3300 2418 3350 Grut.
2442 3273 2495 3348 id

294 3364 429 3429 quod
470 3365 668 3429 placuit
705 3364 946 3413 Matthiae
982 3365 1134 3416 Misc-
1171 3367 1302 3417 Crit.
1340 3381 1379 3416 1.
1407 3371 1459 3415 4.
1492 3381 1543 3428 p.
1568 3370 1683 3416 682.
1749 3366 1897 3422 Mox,
1915 3372 2005 3416 est
2043 3372 2202 3416 tamen
2232 3365 2320 3414 illa
2353 3366 2498 3429 conj.

1281 3479 1499 3529 NOTAE

360 3592 382 3626 5
422 3584 543 3640 Qua·
576 3599 723 3648 supra
758 3589 805 3633 et
842 3584 1018 3639 subter,
1051 3599 1194 3634 uuum
1230 3584 1354 3648 ense]

295 3661 412 3712 Quo
428 3661 652 3708 refertur
667 3660 790 3709 illud
810 3660 1044 3710 Platonis
1064 3661 1113 3709 iu
1130 3661 1350 3712 Timaeo:

293 3736 502 3801 Πότερον
523 3735 605 3787 οὖν
627 3737 767 3802 ὀρθῶς
790 3735 874 3788 ἕνα
895 3738 1091 3801 οὐρανὸν
1108 3739 1352 3803 προσειρή-

293 3834 462 3877 καμεν,
481 3816 514 3875 ἢ
536 3816 749 3867 πολλοὺς
777 3817 857 3867 καὶ
878 3817 1090 3881 ἀπείρους
1114 3815 1277 3878 λέγειν
1294 3816 1355 3876 ἦν

294 3893 541 3958 ὀρθότερον
556 3910 571 3954 ;
600 3893 700 3944 ἕνα·
718 3893 846 3959 εἴπερ
858 3894 980 3944 κατὰ
991 3894 1048 3944 τὸ
1060 3894 1355 3958 παράδειγμα

293 3971 744 4035 δεδημιουργημένος
765 3971 884 4022 ἔστι.
949 3973 1031 4022 An
1052 3975 1208 4036 igitur
1227 3978 1355 4023 recte

292 4062 438 4095 unum
467 4051 691 4097 muudum
720 4051 1001 4111 dixerimus,
1025 4065 1085 4098 an
1114 4052 1276 4112 plures
1306 4055 1357 4100 et

196 4184 204 4191 ,
291 4125 660 4177 innumerabiles
681 4128 834 4177 dicere
856 4127 1031 4176 rectius
1048 4131 1155 4176 eat?
1199 4127 1357 4201 Unum

291 4208 424 4252 certe
445 4204 628 4260 dixero,
647 4204 876 4268 eiquidem
899 4207 962 4254 ad
991 4205 1227 4267 exemplar
1241 4205 1352 4264 sac-

293 4285 371 4329 tue
393 4284 480 4329 eet.

1498 3591 1520 3616 ²
1552 3584 1649 3634 Illa
1688 3583 1932 3647 Platonis]
1977 3582 2078 3631 Illa
2112 3583 2495 3655 sententialde-

1434 3669 1603 3719 sumta
1637 3659 1841 3710 videtur
1875 3674 1941 3708 ex
1970 3659 2277 3722 Epinomide
2312 3658 2407 3709 sub
2436 3660 2495 3708 fl-

1432 3751 1574 3801 nem,
1591 3738 1681 3788 ubi
1706 3736 1895 3786 dicitur
1917 3736 2309 3785 mathematicas
2339 3737 2496 3787 disci-

1434 3814 1599 3878 plinas
1633 3815 1699 3864 ab
1736 3829 1799 3863 eo
1830 3810 1983 3863 facile
2019 3813 2381 3873 capessendas,
2405 3814 2495 3875 qui

1433 3890 1496 3940 ad
1534 3906 1690 3940 unum
1717 3891 1949 3939 intentus
1974 3902 2060 3936 eas
2084 3887 2315 3936 ediscere
2351 3890 2497 3937 vol-u·

1435 3969 1552 4019 erit.
1618 3958 1998 4030 Ἀναφανήσέται
2023 3962 2093 4024 δὲ,
2115 3962 2190 4018 ἂν,
2212 3961 2240 4011 ὃ
2272 3962 2498 4027 λέγομεν,

1434 4045 1578 4109 ὀρθῶς
1607 4063 1681 4095 τις
1718 4044 1784 4094 εἷς
1819 4043 1871 4093 ἓν
1897 4041 2093 4100 βλέπων
2122 4039 2361 4101 μανθάνει·
2384 4044 2492 4090 δεσ-

1432 4122 1635 4184 μὸςηὰρ
1653 4120 1870 4185 πεφυκὼς
1889 4118 2078 4168 πάντων
2090 4115 2273 4166 τούτων
2293 4115 2361 4168 εἲς
2379 4118 2491 4168 ἄνα-

1433 4199 1696 4264 φανήσεται
1711 4195 2066 4258 διανοουμένοις·
2092 4195 2394 4258 Percipietur
2407 4211 2495 4245 au-

1433 4283 1547 4343 tem,
1562 4277 1606 4327 si
1627 4280 1749 4341 quis,
1767 4277 1888 4341 quod
1902 4275 2121 4331 dicimus,
2136 4273 2197 4323 ad
2212 4286 2355 4322 uuum
2369 4280 2496 4323 recte
