3020 4942
991 359 1088 405 DE
1135 357 1517 420 otum-0128,
1570 358 1682 408 111.
1724 344 1836 407 53.
2332 348 2503 415 1235

317 522 452 569 vox
480 502 788 587 quasdam
821 502 1078 579 libera,p
1123 509 1323 584 atque
1356 501 1561 565 etiam
1594 500 1987 581 effraenatio‚
2015 504 2308 587 augendi
2340 526 2499 571 cau·

317 590 435 670 sa:
481 603 880 683 iracundia‚‘¹
927 603 1351 687 objurgatio,r
1408 604 1783 685 promissiO,
1832 604 2261 688 deprecatio,⁸
2306 611 2498 673 obse-

316 707 570 786 oratio:
597 707 959 772 declinatio
991 708 1211 772 brevis
1242 726 1284 770 a
1314 707 1710 790 proposito?
1758 727 1886 771 non
1934 715 2010 772 ut
2052 711 2359 792 superior
2386 713 2502 777 illa

317 810 686 895 degressio,
732 811 1089 893 purgati0‚¹'
1136 811 1585 888 conciliati0‚''
1629 812 1866 888 laesio‚¹
1923 813 2237 896 optati&
2300 820 2500 899 atque

1219 991 1304 1010 ‘0‘
1310 991 1579 1012 “elne“

317 1099 424 1148 Pro
466 1101 803 1149 commendatio
839 1098 1134 1163 Purgoldus
1172 1099 1310 1163 conj.
1350 1101 1714 1158 commentatio,-
1759 1101 1965 1149 Schutz.
2004 1101 2314 1151 comminatio.
2396 1103 2501 1151 Pro

316 1162 604 1228 efficeautt'o,
637 1165 774 1228 quod
810 1165 999 1214 habent
1029 1164 1198 1215 Wald.
1224 1172 1278 1214 et
1308 1165 1496 1214 Pearc.
1552 1165 1848 1230 effroenatior
1869 1168 2054 1227 legitur
2076 1168 2125 1216 in
2151 1166 2302 1216 codd.
2324 1166 2504 1216 Guelf.

314 1232 366 1276 2.
389 1233 441 1278 3.
467 1228 590 1279 And.
621 1230 770 1281 Junt.
796 1231 975 1281 Lamb.
998 1231 1153 1281 Grut.
1179 1231 1390 1280 Scbntz.
1425 1229 1638 1279 Harles.
1663 1230 1828 1279 oren.
1895 1231 2165 1288 Actutum,
2202 1232 2376 1294 agendi
2398 1233 2509 1281 Eri·

317 1296 364 1342 1.
390 1293 477 1342 ed.
500 1309 542 1345 s.
564 1295 601 1343 1.
624 1303 679 1344 et
704 1310 749 1344 a.
769 1307 824 1345 et
852 1295 1019 1345 Wald.
1090 1296 1314 1353 Deinde,
1331 1295 1577 1363 pennissio
1599 1296 1734 1345 solus
1755 1296 1938 1359 Steph.

1520 1370 1535 1398 θ

1292 1458 1512 1508 ΝΟΤΙΕ

311 1574 449 1640 quod
476 1574 707 1636 pluribus
735 1574 1052 1623 extollimus.

374 1659 401 1692 Ρ
443 1651 549 1700 Vox
570 1652 782 1713 quedam
803 1648 972 1711 libera]
1004 1646 1247 1711 Παῤῥησία
1273 1655 1371 1698 est·

309 1727 537 1779 Consule
562 1727 625 1774 ad
656 1728 889 1776 Herenn.
908 1727 999 1775 lib.
1026 1741 1104 1775 lv.
1128 1727 1155 1789 ς
1178 1730 1261 1775 48.

374 1812 398 1846 ‘¹
436 1802 728 1866 Iracundia]
782 1803 932 1852 Acris
987 1811 1043 1852 et
1099 1803 1370 1852 vehemens

308 1881 501 1942 oratio,
522 1895 636 1944 quae
664 1880 973 1929 iracundiam
1000 1879 1218 1929 oratoris
1237 1880 1367 1928 indi·

309 1969 416 2011 cat·
1150 1987 1164 2002 ⁸

370 2044 391 2070 ¹·
425 2033 740 2098 Obiurgatio]
774 2034 892 2086 Qua
935 2035 1144 2098 egregie
1185 2035 1367 2084 adver-

307 2128 392 2162 sus
409 2111 683 2161 seditiosos
702 2112 863 2160 utitur
874 2110 1212 2160 Germanicus
1230 2112 1365 2174 apud

302 2190 480 2240 Tacit.
507 2187 694 2238 Annal.
721 2202 758 2237 1.
790 2190 806 2216 ⁸
824 2189 961 2241 Quid
1000 2189 1135 2238 enim
1161 2203 1254 2253 per
1277 2190 1366 2238 hos

304 2268 415 2317 dies
456 2268 685 2316 inausum
722 2263 1148 2318 intemeratumve
1184 2270 1365 2318 vobis?

304 2343 466 2398 Quod
487 2359 670 2394 nomen
689 2345 809 2395 huic
830 2347 986 2394 coetui
1008 2345 1178 2395 dabo?
1225 2346 1365 2397 Mili-

303 2429 453 2473 tesne
475 2421 755 2485 appellem,
777 2421 866 2486 qui
894 2422 1053 2470 filium
1088 2423 1365 2485 imperato-

305 2500 376 2549 ris
399 2499 564 2549 vestri
584 2499 717 2548 vallo
741 2507 796 2548 et
818 2500 970 2547 armis
1006 2499 1365 2548 circumsedis-

260 2593 265 2596 ·
307 2575 376 2625 tis
399 2576 419 2624 ἓ
455 2588 522 2623 an
543 2574 703 2629 cives,
719 2574 901 2638 quibus
921 2581 1025 2622 tam
1044 2574 1273 2638 projecta
1288 2588 1365 2622 se·

306 2660 465 2702 natus
505 2652 829 2700 auctoritas?
896 2650 1138 2701 Hostium
1163 2666 1365 2716 quoque

292 2730 384 2793 jus
407 2735 462 2778 et
485 2742 639 2782 sacra,
659 2727 931 2791 legationis
955 2735 1013 2777 et
1033 2726 1110 2777 fas
1132 2731 1364 2793 gentium

304 2802 557 2868 rupistis,’
588 2806 688 2852 διο.

367 2889 386 2914 ⁸
419 2880 733 2943 Deprecatio]
769 2879 1088 2942 Sophonisba
1116 2895 1244 2930 uxor
1274 2882 1363 2945 Sy·

302 2959 484 3024 phacis
511 2957 756 3007 victorem
781 2957 1105 3007 Masinissam
1125 2958 1198 3006 sic
1217 2964 1368 3020 urget

303 3035 550 3099 precibus
574 3036 706 3097 apud
731 3035 840 3085 Liv.
857 3034 945 3083 lib.
963 3048 1102 3084 xxx.
1137 3034 1223 3083 ‘Si
1244 3049 1364 3097 cap-

304 3112 428 3161 tivoe
475 3110 613 3171 apud
653 3111 912 3159 dominum
959 3112 1078 3161 vitae
1121 3112 1364 3176 necisque

302 3201 412 3236 suae
433 3198 619 3235 vocem
657 3186 942 3247 supplicem
980 3187 1188 3236 mittere
1223 3189 1365 3242 licet,

303 3264 345 3312 si
392 3276 580 3325 genua,
603 3261 646 3309 si
668 3261 934 3310 victricem
963 3263 1220 3324 attingere
1243 3263 1365 3311 dex-

304 3344 460 3397 tram,
485 3351 672 3400 precor
694 3350 972 3401 quaesoque
996 3351 1090 3398 per
1124 3337 1363 3399 majesta-

304 3420 411 3463 tem
449 3413 663 3476 regiam,
696 3413 747 3460 in
783 3427 883 3476 qua
917 3405 1069 3476 paulo
1112 3420 1233 3462 ante
1273 3427 1365 3462 nos

304 3503 516 3553 quoque
539 3487 747 3551 fuimus,
770 3502 963 3553 perque
993 3489 1158 3550 gentis
1186 3489 1365 3538 Numi·

304 3567 488 3616 darum
510 3581 715 3624 nomen,
730 3566 865 3630 quod
883 3567 977 3615 tibi
993 3581 1106 3616 cum
1128 3567 1366 3629 Syphace

307 3658 581 3693 commune
630 3640 730 3692 fuit
755 3660 771 3703 ;
818 3658 913 3706 per
962 3644 1174 3706 hujusce
1209 3644 1364 3706 regiae

304 3722 475 3783 Deos,
496 3721 585 3785 qui
607 3728 658 3769 te
684 3718 976 3769 melioribus
1000 3722 1252 3771 ominibus
1278 3736 1360 3770 ac·

305 3800 504 3864 cipiant
539 3814 686 3864 quam
723 3798 1012 3862 Syphacem
1048 3800 1178 3848 binc*
1206 3803 1358 3850 mise·

306 3884 464 3936 runt3
497 3875 631 3924 hanc
665 3875 865 3924 veniam
906 3875 1127 3938 supplici
1163 3876 1272 3937 des,
1301 3885 1359 3926 nt

305 3951 419 4015 ipse
457 3953 818 4017 quodcumque
862 3951 998 4001 feret
1039 3955 1256 4014 animus,
1292 3955 1358 4004 de

303 4030 519 4091 captiva
545 4036 759 4085 statuas,
780 4042 947 4091 neque
985 4044 1065 4078 me
1102 4032 1152 4078 in
1184 4032 1359 4093 cujus·

305 4118 460 4168 quam
489 4103 708 4154 Romani
742 4105 1014 4167 superbum
1051 4120 1112 4154 ac
1149 4108 1355 4156 crudele

305 4182 572 4232 arbitrium
619 4183 788 4232 venire
829 4184 966 4231 sinas
997 4218 1010 4233 .
1035 4217 1049 4231 .
1074 4219 1086 4233 .
1117 4185 1172 4233 Si
1218 4186 1358 4234 nulla

305 4258 407 4309 alia
442 4273 500 4309 re
537 4269 698 4325 potes,
721 4273 802 4311 me
835 4267 1001 4311 morte
1036 4268 1094 4310 ut
1127 4262 1356 4312 vindices

1448 1573 1513 1622 ab
1550 1572 1897 1623 Romanorum
1935 1573 2167 1638 arbitrio,
2200 1589 2292 1624 oro
2329 1573 2500 1624 obtes-

1449 1649 1673 1714 torque.'

1509 1728 1527 1758 ‘
1564 1725 1860 1789 Obsecrotio]
1893 1726 1987 1775 Est
2021 1726 2374 1777 vehementior
2413 1730 2500 1779 de-

1447 1804 1698 1867 precatio.

1510 1887 1533 1912 ¹¹
1572 1880 1844 1928 Declinatio
1866 1879 2021 1930 brevis
2039 1896 2069 1929 a
2088 1883 2347 1947 proposito]
2380 1884 2499 1931 Sive

1442 1955 1712 2018 digressio,
1734 1955 1932 2005 Graecis
1947 1956 2238 2021 παρέκβασις
2251 1967 2350 2013 est,
2363 1965 2500 2008 teste

1443 2031 1768 2082 Quintiliano
1809 2046 1889 2081 tv.
1922 2037 1972 2082 3.
2009 2033 2244 2101 ‘Alieuae
2273 2036 2369 2097 rei,
2406 2037 2499 2085 sed

1441 2110 1505 2159 ad
1532 2111 1810 2179 utilitatem
1850 2126 2020 2161 causae
2058 2113 2388 2176 pertinentiS,
2409 2130 2501 2163 ex-

1442 2196 1527 2238 tra
1572 2189 1801 2240 ordinem
1858 2205 2165 2253 procurrens
2219 2193 2501 2242 tractatio.'

1441 2272 1456 2295 ‘
1475 2266 1596 2317 Quo
1617 2281 1685 2315 ex
1708 2281 1898 2326 genere
1923 2265 2043 2327 est,’
2075 2274 2135 2316 ut
2159 2266 2349 2316 ibidem
2372 2267 2501 2316 dici·

1442 2349 1545 2404 tur,
1589 2342 1674 2391 ‘in
1715 2342 2031 2391 orationibus
2064 2353 2248 2392 contra
2281 2344 2496 2392 Verrem

1440 2419 1755 2482 compositis,
1786 2419 1973 2467 Siciliae
2005 2419 2135 2474 laus,
2170 2418 2496 2482 Proserpiuae

1441 2502 1660 2560 raptus3
1687 2511 1779 2559 pro
1798 2498 1855 2544 1..
1869 2496 2109 2545 Cornelio
2136 2497 2393 2560 popularis
2409 2497 2497 2545 illa

1441 2574 1692 2623 virtutum
1728 2574 1824 2622 Cn.
1856 2572 2094 2635 Pompeii
2132 2586 2496 2621 commemorn-

1441 2652 1546 2700 tio:
1583 2652 1634 2698 in
1659 2664 1809 2713 quam
1835 2649 1924 2697 ille
1948 2647 2150 2696 divinus
2172 2657 2365 2707 orator,
2394 2650 2498 2697 vel-

1442 2727 1518 2775 uti
1551 2727 1753 2774 nomine
1777 2726 1888 2789 ipso
1912 2725 2055 2773 ducis
2078 2739 2257 2773 cursus
2292 2725 2498 2774 dicendi

1442 2808 1724 2863 teneretur,
1741 2800 1965 2862 abrupto
1988 2814 2139 2864 quem
2165 2800 2498 2850 inchoaverat

1440 2893 1698 2937 sermone,
1719 2877 1992 2926 divertit.’-

1504 2961 1529 2987 v
1562 2953 1825 3017 Purgatio]
1860 2953 2041 3015 Legati
2064 2953 2128 3003 C.
2163 2953 2346 3002 Manlii
2380 2969 2494 3017 per-

1439 3033 1710 3083 duellionis
1757 3034 1953 3080 crimen
1996 3045 2027 3079 a
2077 3046 2131 3080 se
2187 3031 2497 3081 amoliuntur

1439 3109 1575 3172 apud
1604 3109 1903 3158 Sallustium
1927 3108 1977 3156 in
2004 3108 2136 3156 bello
2160 3108 2494 3159 Catilinario:

1440 3192 1455 3214 ‘
1473 3186 1612 3235 Deos
1636 3185 1965 3248 hominesque
1989 3191 2257 3250 testamur,
2273 3184 2497 3247 impera-

1440 3269 1550 3329 tor,
1582 3276 1676 3310 nos
1711 3276 1851 3310 arma
1877 3274 2043 3325 neque
2067 3271 2247 3310 contra
2273 3263 2492 3325 patriam

1440 3339 1663 3399 cepisse,
1702 3352 1870 3400 neque
1914 3351 2016 3400 quo
2060 3338 2344 3399 periculum
2383 3339 2497 3388 aliis

1439 3411 1728 3462 faceremus
1747 3430 1762 3461 ε
1795 3412 1883 3460 sed
1902 3413 1974 3460 uti
1997 3427 2218 3474 corpora
2236 3423 2409 3462 nostra
2430 3415 2496 3463 ab

1440 3491 1623 3554 injuria
1656 3497 1768 3539 tuta
1803 3487 1995 3549 forent,
2015 3478 2315 3552 qni‘miserb
2337 3507 2492 3556 egeu-

1441 3574 1539 3623 tes,
1578 3567 1823 3617 violentia
1860 3574 2017 3629 atque
2050 3568 2362 3617 crudelitate
2398 3567 2490 3618 foe-

1440 3653 1754 3700 neratorum,
1779 3643 2014 3706 plerique
2047 3643 2233 3706 patria,
2259 3645 2349 3693 sed
2385 3661 2490 3694 om-

1439 3736 1534 3770 nes
1559 3719 1695 3770 fama
1718 3729 1874 3783 atque
1895 3718 2115 3768 fortunis
2144 3728 2383 3782 expertes
2408 3733 2488 3770 su·

1438 3797 1587 3857 mus,'
1605 3799 1705 3845 διο.
2196 3849 2198 3852 ,
2331 3829 2334 3832 Δ

1504 3880 1538 3912 V
1573 3871 1878 3934 conciliatio]
1910 3869 2156 3918 ‘Tantam
2189 3870 2324 3918 enim
2350 3885 2490 3920 man-

1438 3949 1786 4008 suetudinem,
1827 3935 1927 3994 'tam
1964 3945 2256 3996 inusitatam
2295 3949 2491 3997 inandi-

1441 4034 1649 4089 tamque
1667 4021 2020 4080 clementiam,
2044 4028 2242 4068 tantum
2279 4023 2329 4070 in
2354 4039 2487 4073 sum·

1436 4118 1518 4153 ma
1544 4110 1802 4167 potestate
1827 4111 1993 4146 rerum
2024 4096 2244 4144 omnium
2269 4100 2492 4166 modum,

1438 4190 1541 4231 tam
1566 4181 1786 4243 denique
1809 4172 2160 4224 incredibilem
2183 4176 2484 4237 sapientiam

1436 4274 1497 4311 ac
1533 4271 1681 4323 poene
1712 4255 1958 4308 divinam,
1992 4250 2179 4300 tacitus
2217 4256 2492 4314 proeterire
