3020 4942
545 373 719 479 1046
1319 391 1397 437 u.
1441 390 1512 442 τ.
1561 391 1966 441 mononis
2058 345 2067 351 ’

542 532 738 600 diav‘
778 538 1100 612 movetur,
1157 534 1218 598 si
1256 534 1342 612 is,
1389 535 1510 619 qui
1570 534 1778 613 audit,
1836 535 2081 600 adduci
2138 541 2390 619 potest,
2457 543 2532 600 ut
2588 536 2720 614 illa,

543 658 694 722 quae
753 637 838 701 de
898 637 1113 701 altero
1160 635 1605 720 deplorentur,
1659 639 1746 702 ad
1804 658 1963 702 suas
2032 658 2139 702 res
2200 646 2492 717 revocet,
2559 658 2722 723 quas

536 745 659 805 aut
686 740 912 805 tulerit
940 739 1241 818 acerbas,
1281 747 1400 804 aut
1427 741 1657 805 timeat
1680 752 1743 824 3·
1787 749 1906 806 aut
1934 741 2201 806 intuens
2234 740 2460 818 alium,
2492 743 2723 805 crebro

541 842 630 907 ad
662 843 958 926 seipsum
986 851 1041 881 ¹⁰
1082 848 1462 907 revertatur.
1552 841 1661 908 Ita
1699 862 1851 909 cum
1877 852 1927 885 ¹¹
1974 844 2217 926 singuli
2265 863 2468 907 casus
2500 844 2726 917 huma·

539 963 768 1009 narum
798 946 1210 1010 miseriarum
1243 944 1526 1027 graviter
1547 944 1983 1028 accipiuntur,
2003 948 2064 1011 si
2087 946 2390 1010 dicuntur
2413 944 2723 1022 dolenter,

538 1055 679 1112 tum
710 1046 963 1112 afflicta
988 1055 1058 1112 et
1087 1054 1421 1131 prostrata
1452 1049 1656 1111 virtus
1685 1049 1977 1114 maxime
2007 1040 2313 1112 luctuosa
2341 1053 2480 1122 est;
2529 1056 2622 1129 et,
2651 1056 2723 1110 ut

535 1148 657 1214 illa
685 1150 891 1214 altera
928 1169 1086 1233 pars
1125 1150 1472 1228 orationiS,
1520 1169 1675 1234 quoe
1721 1151 2077 1234 probitatis
2127 1150 2722 1229 commendatione,

536 1251 699 1315 boni
745 1252 871 1316 viri
913 1252 1107 1316 debet
1149 1254 1436 1337 speciem
1486 1255 1678 1331 tueri,
1720 1253 1949 1318 lenis*
1989 1257 2093 1333 (ut
2136 1273 2320 1336 saepe
2356 1253 2498 1336 jam
2549 1251 2723 1337 dixi)

536 1362 741 1438 atque
789 1355 1167 1435 submissa3
1222 1355 1325 1422 sic
1374 1355 1551 1433 haec,
1599 1371 1755 1442 quae
1792 1355 2170 1439 suscipitur
2213 1358 2300 1419 ab
2339 1363 2600 1420 oratore
2642 1356 2723 1419 ad

537 1453 1041 1521 commutandos
1074 1442 1332 1522 animos
1361 1465 1567 1542 atque
1600 1460 1777 1525 omni
1808 1459 2066 1523 ratione
2095 1457 2488 1536 flectendos,
2520 1460 2723 1532 inten-

536 1566 607 1623 ta
637 1578 719 1623 ac
750 1559 1103 1625 vehemens
1132 1579 1276 1625 esse
1307 1560 1526 1627 debet.
1615 1578 1781 1626 mn.
1823 1562 1975 1627 212.
2025 1561 2163 1639 Sed,
2187 1565 2291 1625 est
2321 1559 2634 1645 quaedam
2658 1560 2721 1624 in

532 1661 638 1726 his
671 1661 930 1727 duobus
961 1663 1324 1745 generibuS,
1370 1683 1647 1747 quorum
1690 1664 1972 1730 alterum
2005 1665 2181 1740 lene,
2214 1663 2493 1728 alterum
2529 1662 2721 1726 vehe-

532 1782 716 1828 mens
743 1784 892 1829 esse
925 1766 1279 1842 volumus‚¹
1329 1766 1621 1831 difficilis
1655 1767 1739 1833 ad
1771 1765 2303 1849 distinguendum
2330 1765 2723 1829 similitudo.

535 1864 715 1930 Nam
747 1885 838 1930 ex
860 1874 886 1903 ²
928 1867 1049 1933 illa
1077 1869 1360 1945 lenitate,
1393 1859 1530 1953 qua
1559 1870 1989 1935 conciliamur
2014 1869 2123 1946 iis,
2152 1869 2270 1952 qui
2301 1866 2609 1945 audiunt,
2640 1867 2722 1931 ad

531 1966 705 2032 hanc
750 1969 884 2033 vim
916 1972 1325 2048 acerrimam,
1359 1991 1498 2055 qua
1528 1972 1796 2037 eosdem
1825 1972 2223 2048 excitamus,
2267 1970 2502 2034 influat
2530 1988 2722 2054 opor-

531 2074 626 2133 tet
656 2070 967 2155 aliquid,‘
983 2080 1054 2136 et
1080 2091 1164 2137 ex
1196 2074 1323 2138 hac
1347 2076 1413 2138 vi
1444 2093 1908 2157 nonnunquam
1934 2074 2138 2137 animi
2160 2072 2414 2154 aliquid
2441 2072 2721 2155 [inflam-

531 2173 841 2238 mandum
872 2173 1043 2254 est]³
1089 2173 1186 2239 illi
1218 2175 1510 2240 lenitati:
1557 2195 1779 2260 neque
1809 2181 1911 2240 est
1940 2175 2082 2240 ulla
2110 2174 2543 2259 temperatior
2573 2194 2720 2238 ora-

595 2365 620 2389 ·
655 2357 775 2434 pum
793 2358 927 2407 audit
948 2359 1008 2408 de
1027 2357 1296 2409 calamitate
1317 2357 1536 2421 aliorum,
1559 2358 1736 2420 cogitet
1755 2357 1814 2407 de
1831 2357 1897 2407 iis
1915 2356 2053 2408 rebus
2068 2357 2269 2414 acerbis,
2293 2371 2410 2421 quas
2435 2359 2513 2406 vel
2534 2340 2725 2421 tulerit,

532 2423 830 2538 ”an-“1332
860 2489 937 2537 illi
974 2487 1137 2552 quibus
1158 2488 1424 2554 opinionem
1454 2488 1553 2539 oiri
1587 2489 1762 2539 boniet
1782 2487 1970 2549 somam
2000 2486 2256 2553 probitatis
2277 2492 2440 2537 orator
2458 2487 2557 2538 sibi
2577 2488 2725 2539 conei-

526 2554 638 2611 liat,
660 2554 828 2603 debent
848 2568 949 2603 esse
969 2555 1113 2604 lenes.
1424 2571 1431 2577 ·
1776 2595 1777 2598 ,

591 2626 618 2650 ⁸
655 2620 836 2669 Orator
853 2619 989 2669 debet
1006 2619 1100 2668 vim
1122 2623 1171 2668 et
1191 2620 1494 2683 asperitatem
1518 2618 1829 2669 contentionis
1858 2618 2051 2667 condire
2079 2617 2163 2667 illa
2185 2616 2482 2667 humanitate
2503 2633 2599 2682 qua
2620 2633 2723 2667 con·

526 2683 754 2733 ciliantur
772 2685 1029 2742 auditores,
1049 2689 1098 2734 et
1119 2689 1428 2748 temperatum
1447 2686 1570 2734 illud
1589 2685 1778 2735 dicendi
1792 2698 1944 2746 genus
1961 2684 2258 2733 contentione
2276 2682 2507 2733 excitare.

1449 2817 1800 2840 ceowuoeeoo

526 2911 707 2964 Guelf.
731 2919 778 2962 1.
799 2916 848 2962 2.
870 2918 919 2963 3.
956 2914 1064 2962 Erl.
1094 2917 1142 2962 1.
1174 2914 1325 2965 Junt.
1362 2918 1418 2962 et
1458 2911 1641 2962 Lamb.
1678 2912 1918 2977 pemixta
1951 2912 2104 2963 Mun.
2141 2911 2308 2961 Orell.
2328 2911 2398 2961 sl.
2450 2909 2722 2968 Actutum,

524 2992 624 3028 esse
644 2979 793 3028 deest
814 2980 866 3027 in
889 2977 1065 3030 Guelf.
1087 2981 1236 3028 1.—9
1266 2977 1340 3027 At
1359 2978 1686 3027 misericordia
1705 2978 1887 3041 steph.
1912 2976 2227 3027 Lamb.—10
2261 2977 2451 3026 Pearc.
2489 2977 2633 3040 conj.
2661 2979 2722 3027 ad

524 3056 577 3092 se
597 3043 843 3105 ἕρπω-11
879 3045 894 3071 ‘
914 3044 1006 3092 Vir
1028 3043 1233 3106 quidam
1258 3043 1444 3093 doctus
1468 3057 1535 3092 ex
1556 3044 1853 3107 conjectura
1876 3044 2021 3107 legit,
2046 3044 2170 3092 Item
2189 3041 2328 3098 oum,’
2351 3045 2433 3105 ᾄτ.
2468 3040 2662 3092 Pearc.

591 3108 727 3156 cn».
759 3120 880 3157 un.
950 3114 972 3157 1
1009 3108 1158 3158 Solus
1184 3109 1367 3159 Lsmb.
1389 3122 1487 3157 esse
1508 3109 1758 3158 ‹leben—2
1795 3109 1924 3158 Nam
1944 3114 2074 3158 etex
2096 3107 2270 3158 Guelf.
2295 3111 2341 3155 1.
2365 3111 2415 3156 3.
2448 3114 2504 3154 et
2545 3107 2723 3157 Lamb.

522 3174 622 3219 -3
654 3173 853 3221 ‘Vetus
876 3172 1031 3221 lectio
1070 3173 1121 3221 h.
1145 3174 1177 3222 l.
1213 3182 1294 3222 est
1315 3173 1607 3237 influentium
1625 3178 1730 3231 σείς
1763 3173 1901 3238 quod
1926 3174 2167 3223 vitiosum
2186 3186 2300 3228 esse
2325 3172 2503 3221 vident
2527 3187 2723 3221 ornnes.

526 3236 803 3286 Lambinus
842 3237 1069 3286 correxit
1108 3237 1448 3298 infundendum
1488 3243 1560 3287 est
1577 3254 1598 3297 ,·
1649 3239 1907 3288 Gruterus
1952 3253 1983 3289 e
2024 3238 2151 3289 Mss.
2194 3237 2588 3303 inflammandum
2633 3243 2718 3287 est.

522 3301 825 3350 Melanthon
849 3312 902 3352 et
926 3303 1234 3353 Gulielmius
1259 3301 1589 3361 corrigebant
1612 3302 1895 3367 inflandum,
1926 3318 2019 3367 pro
2046 3305 2332 3369 afflandum3
2366 3315 2484 3350 nam
2521 3312 2579 3351 et
2614 3308 2630 3330 ‘
2647 3305 2718 3351 in·

520 3363 675 3416 flatus
698 3367 928 3418 divinus’
962 3368 1155 3418 dicitur
1178 3384 1272 3431 pro
1306 3373 1323 3399 ⁶
1342 3366 1561 3432 afflatn,'
1596 3379 1652 3417 ut
1676 3368 1787 3419 Cic.
1811 3369 1989 3419 Divin.
2024 3382 2065 3418 1.
2090 3373 2137 3417 6.
2161 3368 2315 3431 idque
2336 3368 2526 3416 ceteris
2565 3368 2716 3429 longe

521 3433 705 3483 melius
729 3441 829 3483 est.
897 3435 1008 3494 Ego
1029 3448 1146 3485 cum
1170 3435 1399 3485 Grutero
1422 3431 1737 3496 ejiciendum
1780 3443 1925 3498 puto.
1992 3434 2327 3482 Correctores
2352 3433 2601 3482 volebant
2624 3432 2717 3482 hoc

521 3499 808 3547 membrum
835 3500 989 3562 priori
1011 3500 1225 3549 similius
1248 3499 1484 3554 reddere.
1506 3507 1561 3549 et
1584 3513 1699 3548 cum
1735 3499 1785 3548 in
1824 3500 1912 3549 illo
1933 3499 2002 3547 sit
2021 3498 2214 3562 influat,
2233 3496 2408 3547 fecere
2429 3497 2716 3561 influendo-⁸

522 3568 592 3612 est
607 3564 799 3622 ,·.unde
820 3564 1207 3628 inflammandum
1229 3564 1425 3614 factum
1448 3571 1532 3613 est
1556 3564 1726 3627 abiis,
1750 3565 1835 3628 qui
1863 3565 2134 3627 putabant,
2159 3563 2210 3612 id
2231 3562 2394 3610 lenius
2418 3577 2528 3610 esse
2555 3576 2648 3625 pro
2667 3562 2715 3610 oi

519 3628 689 3679 animi.
752 3629 932 3694 Influat
954 3636 1034 3678 est
1057 3644 1327 3679 connnmune
1349 3639 1402 3679 et
1428 3637 1606 3692 aptum
1632 3629 1879 3691 utrique.'
1913 3630 2130 3679 Ernesti.
2188 3626 2435 3692 Plerique
2457 3629 2611 3676 codd.
2632 3642 2713 3689 sp.

518 3693 707 3743 Pearc.
744 3695 935 3743 habent
973 3695 1298 3759 influendum;
1349 3694 1580 3743 nonnulli
1615 3694 2022 3758 inflammandum.
2089 3692 2341 3741 ‘Wetzeh
2381 3692 2470 3755 qni
2506 3692 2713 3755 quidem

517 3757 906 3822 inflatamandum
928 3760 981 3808 in
1004 3768 1152 3809 textu
1176 3759 1407 3823 retinuit,
1429 3760 1561 3808 hanc
1587 3760 1885 3816 lectionem,
1912 3760 1987 3806 uti
2009 3757 2322 3821 influentium,
2336 3758 2541 3820 rejecit,
2561 3767 2713 3819 atque

521 3825 804 3873 assentitur
822 3824 1050 3873 Grutero
1073 3832 1130 3873 et
1152 3825 1411 3874 Ernestio.
1476 3826 1589 3886 Ego
1614 3840 1734 3872 vero
1758 3839 1875 3874 cum
1894 3824 2133 3873 Schutzio
2158 3825 2396 3885 rescripsi
2418 3820 2714 3886 inflandum&

519 3888 729 3939 Harles.
774 3897 790 3921 ‘
809 3890 939 3940 Mihi
963 3897 1162 3952 rectum
1199 3891 1405 3939 videtur
1427 3890 1810 3952 inflammandum
1832 3895 1932 3946 αις
1962 3887 2052 3936 sed
2078 3887 2481 3950 expungendum
2504 3890 2713 3950 (utpote

519 3966 690 4004 ortum
728 3970 793 4005 ex
831 3954 1236 4019 interpolatione
1271 3954 1337 4004 ad
1379 3962 1681 4020 corruptum
1722 3954 1847 4003 illud
1882 3950 2213 4018 influentium)
2244 3952 2320 4002 illi
2347 3952 2556 4016 lenitati,
2580 3949 2711 4017 quod

1506 4110 1726 4162 No‘rAE

533 4243 538 4249 ·
577 4220 601 4252 ¹
636 4217 993 4284 Misericordia]
1008 4219 1092 4269 De
1107 4218 1471 4274 misericordia
1490 4233 1582 4268 ns·
1661 4218 1932 4283 exemplis,
1969 4215 2189 4268 diximus
2211 4217 2247 4267 1.
2272 4231 2312 4270 ι.
2340 4216 2405 4268 de
2441 4218 2646 4269 Invent.
2680 4219 2706 4281 §

519 4304 659 4361 turs,
680 4297 835 4347 variis
866 4296 980 4362 ejus
1016 4296 1307 4348 excitanda
1337 4298 1502 4349 modis
1526 4305 1581 4347 et
1663 4298 1776 4345 1⁰6.
1797 4297 1895 4344 διο.
