3020 4942
527 335 698 401 1180
1292 354 1370 401 M.
1417 355 1486 403 T.
1536 353 1942 404 cicmtoms

523 516 699 579 opus
742 502 849 560 est
898 497 1097 561 nobis
1149 496 1543 562 mutuemur.
1636 513 1929 562 xxvrn.
1992 496 2145 562 109.
2209 497 2473 562 Dicunt
2523 497 2720 580 igitur

523 617 696 662 nunc
745 598 1016 682 quidem
1060 598 1182 675 illi,
1232 599 1350 681 qui
1379 608 1397 638 ¹
1444 619 1530 664 ex
1571 601 1903 684 particula
1932 618 2142 684 parva
2171 599 2420 663 urbis¹¹²
2464 619 2544 665 ac
2587 601 2728 667 loci

522 718 761 763 nomen
802 699 1075 778 habent,
1123 708 1188 766 et
1238 700 1682 786 Peripatetici
1729 700 2135 785 philosophi,
2184 706 2302 764 aut
2331 698 2723 768 Academici

522 802 970 881 nominantur,
998 804 1184 882 (olim
1214 811 1460 880 autem,
1487 809 1759 887 propter
1786 803 2106 868 eximiam
2135 822 2353 866 rerum
2393 805 2723 873 maxima-¹

521 924 665 968 rum
714 905 1084 981 scient-iam,
1139 925 1181 970 a
1225 903 1490 970 Graecis
1545 904 1853 990 politici²
1897 905 2331 989 philosophi⁸
2375 908 2725 990 appellati,

522 1007 979 1073 universarum
1009 1026 1221 1072 rerum
1244 1008 1660 1091 publicarum
1693 1007 1956 1071 nomine
1988 1008 2424 1087 vocabantur)
2456 1028 2724 1083 omnem

522 1109 794 1174 civilem
845 1110 1216 1174 orationem
1261 1111 1329 1172 in
1371 1109 1602 1174 horum
1649 1109 1960 1174 alterutro
2006 1129 2243 1192 genere
2282 1110 2567 1187 versari,
2613 1118 2727 1176 aut

525 1211 820 1276 definitae
840 1211 1314 1277 controversiae
1340 1219 1360 1259 ³
1393 1212 1592 1277 certis
1615 1213 2032 1296 temporibus
2060 1231 2139 1277 ac
2159 1212 2368 1292 reis39
2410 1214 2520 1295 [p.
2546 1213 2725 1293 153]

523 1311 652 1377 hoc
698 1314 945 1379 modost
990 1313 1358 1379 Placeatne
1406 1335 1449 1379 a
1476 1313 2163 1396 ‚Carthaginiensibus
2211 1314 2525 1397 captivos
2577 1335 2724 1378 nos-

526 1422 686 1495 tros,
718 1416 996 1481 redditis
1037 1419 1206 1496 suis»,
1252 1417 1678 1501 recuperari?
1727 1423 1841 1482 aut
1867 1418 2120 1481 infinite
2154 1416 2237 1481 de
2267 1418 2590 1481 universo
2623 1437 2727 1500 ge-

523 1537 676 1583 nere
708 1519 1067 1602 quaerentis
1094 1526 1167 1584 :4
1210 1518 1399 1598 Quid
1438 1519 1709 1584 omnino
1753 1520 1835 1583 de
1867 1521 2141 1603 captivo
2173 1519 2610 1584 statuendum
2654 1538 2730 1582 ac

528 1621 947 1686 sentiendum
979 1622 1121 1685 sit‘t
1213 1620 1439 1705 Atque
1473 1622 1706 1686 horum
1737 1623 2045 1705 superius
2092 1623 2261 1686 illud
2310 1642 2538 1704 genuS,
2578 1641 2727 1687 cau-

527 1744 671 1789 sam
704 1731 820 1789 aut
860 1725 1381 1813 controversiam
1429 1725 1804 1808 appellant,
1852 1745 2131 1809 eamque
2175 1727 2404 1799 tribuS,
2438 1725 2586 1799 lite,
2618 1712 2732 1789 aut

528 1826 1028 1900 deliberatione,
1080 1814 1223 1890 aut'
1247 1825 1631 1891 laudatione
1668 1825 2034 1890 definiunt:
2080 1826 2226 1890 haec
2266 1833 2486 1891 autem
2520 1826 2731 1891 altera

528 1930 820 2011 quaestio
851 1928 1107 2016 infinita
1130 1937 1197 1995 et
1228 1930 1420 2012 quasi
1447 1930 1844 2013 proposita‚⁸
1876 1930 2286 1994 consultatio
2316 1928 2729 1992 nominatur:

529 2036 724 2116 atque
775 2032 1099 2097 hactenus
1149 2034 1552 2115 loquuntur.·
1641 2033 1789 2097 110.
1837 2031 2058 2097 Etiam
2109 2032 2290 2097 hac¹¹
2352 2035 2416 2097 in
2469 2033 2731 2098 institu-

593 2224 621 2248 ⁸
657 2217 755 2271 Qua·
773 2217 991 2266 docerent
1010 2218 1238 2265 rationem
1261 2222 1308 2273 et
1328 2217 1573 2266 scientiam
1593 2216 1981 2267 administraturam
2000 2213 2233 2266 civitatis.

594 2290 620 2323 ν
656 2281 715 2330 lu
735 2282 990 2345 quastione
1010 2297 1115 2343 quoe
1136 2287 1264 2330 certa
1286 2287 1510 2346 tempora,
1534 2289 1681 2330 certos
1702 2297 1802 2331 reor
1820 2282 2039 2346 definitos
2058 2282 2244 2331 habeat.

596 2353 620 2378 ²
654 2346 714 2394 In
732 2348 881 2395 medio
898 2346 1070 2410 posita,
1092 2343 1233 2397 θέσις.
1490 2355 1515 2380 ‘⁸
1548 2346 1825 2410 Philosophi
1849 2347 2167 2410 Peripatetici
2188 2362 2244 2396 ac
2266 2346 2562 2396 Academici.

1437 2475 1805 2497 OOOOOOOOOO

599 2568 736 2616 CAP.
761 2581 971 2617 xxvm.
1039 2571 1065 2616 1
1104 2568 1186 2617 Ita
1211 2567 1364 2616 codd.
1387 2566 1506 2617 edd.
1530 2573 1662 2617 vett.
1685 2567 1833 2618 Junt.
1857 2565 2038 2616 Lamb.
2061 2565 2216 2616 Grut.
2265 2566 2452 2616 Dicunt
2471 2566 2633 2627 igitur
2649 2567 2738 2623 illi,

531 2647 656 2682 nunc
677 2634 861 2695 quidem
895 2633 976 2695 qui
1000 2633 1165 2681 Orell.
1216 2634 1396 2682 Dicunt
1418 2633 1573 2693 igitur
1594 2633 1686 2687 illi,
1709 2633 1791 2695 qui
1808 2647 1929 2681 nunc
1951 2632 2137 2694 quidem
2157 2632 2364 2680 Schutz.
2428 2633 2584 2693 Mox,
2606 2634 2739 2680 urbis

534 2698 624 2745 loci
661 2697 798 2760 conj.
830 2697 1036 2760 quidam
1074 2714 1156 2760 ap.
1197 2698 1479 2747 Pente—2
1516 2697 1679 2746 Orell.
1718 2697 1874 2746 scribi
1908 2697 2059 2760 jubet
2095 2696 2447 2746 πολιτικοί.-3
2483 2697 2576 2746 Ita
2613 2712 2740 2745 rinna

535 2761 699 2810 codex
726 2777 809 2824 ap.
837 2763 1021 2812 Pearc.
1039 2764 1238 2828 definita
1269 2762 1589 2811 controversia
1609 2763 1758 2813 Jnnt.
1787 2762 1968 2810 Lamb.
1992 2762 2147 2810 Grut.
2202 2767 2286 2829 aut
2307 2760 2519 2825 definita
2554 2769 2740 2811 contro-

535 2827 705 2876 versioe
729 2826 906 2878 Guelf.
929 2832 979 2878 2.
1004 2832 1154 2878 3.—4
1187 2827 1369 2878 Lamb.
1391 2827 1583 2891 infinita
1604 2829 1662 2876 de
1684 2843 1731 2878 ιι.
1751 2841 1807 2889 g.
1827 2827 2118 2891 questionu
2152 2825 2256 2875 Erl.
2276 2832 2321 2875 l.
2343 2826 2541 2891 infinite
2576 2834 2663 2876 aut
2685 2830 2740 2876 de

1520 2983 1733 3033 NOTAE

602 3090 639 3114 ¹¹¹
671 3082 922 3131 Particula
952 3098 1104 3145 parva
1138 3082 1294 3146 urbis]
1345 3083 1391 3131 E
1426 3083 1598 3146 Lyceo
1670 3081 1762 3130 sed
1797 3088 1856 3130 ut
1890 3094 1956 3129 ex
1985 3080 2477 3144 jurisconsultorum
2513 3053 2741 3131 auctori-

534 3156 907 3220 acilicet,quod
935 3159 1254 3221 gymnasium
1278 3158 1495 3208 Athenis
1515 3173 1599 3208 ee·
1672 3164 1803 3213 tate,
1840 3155 1984 3206 illata
2025 3158 2072 3205 vi
2110 3171 2212 3221 qua
2244 3157 2355 3220 quia
2392 3156 2740 3207 vindiciarum

533 3232 867 3281 leben-imum
890 3234 1160 3283 dicebatur
1182 3249 1385 3298 quoque
1405 3232 1599 3298 περίπα·

538 3326 641 3371 τος,
664 3310 992 3373 coambulatio,
1020 3310 1153 3374 quod
1189 3312 1324 3361 inter
1355 3311 1600 3362 deambu⁶

537 3388 749 3437 landum
793 3387 914 3437 inde
960 3388 1203 3437 nominati
1251 3388 1598 3452 Peripatetici

538 3465 1043 3528 philosopharentur.
1130 3456 1414 3515 Academia
1455 3481 1598 3531 gym-

538 3541 738 3591 nasium
784 3539 921 3599 aliud
966 3539 1186 3590 Athenis
1229 3543 1295 3591 ab
1337 3541 1599 3591 Academo

541 3617 851 3667 Atheniensi
906 3631 1089 3666 nomen
1146 3616 1388 3666 habuisse
1437 3617 1601 3667 tradit

541 3695 854 3744 Plutarchus
890 3694 940 3742 in
972 3693 1186 3742 Theseo.

608 3781 631 3807 ¹³
668 3774 833 3822 Etiam'
856 3773 961 3833 hac,
981 3772 1086 3835 isa]
1121 3774 1314 3821 Locum
1346 3770 1472 3821 satis
1508 3771 1601 3820 im·

540 3851 788 3915 plicatum
813 3849 885 3897 sic
914 3850 1148 3897 evolveaz
1183 3848 1301 3897 Hac
1334 3848 1490 3896 etiam
1525 3847 1599 3896 di-

541 3926 741 3976 visione
774 3924 942 3974 civilis
974 3923 1221 3973 orationis
1250 3924 1300 3972 in
1324 3922 1522 3973 finitam
1547 3931 1602 3974 et

541 4002 813 4058 infinitam,
826 4013 940 4051 cum
963 4009 1227 4065 praecepta
1245 3999 1479 4063 tradunt,
1495 4000 1603 4064 phi·

542 4078 740 4141 losophi
766 4083 1009 4127 utuntur:
1044 4077 1180 4141 quod
1206 4090 1321 4126 cum
1342 4077 1605 4140 pertineat

454 4213 459 4214 ⁷
545 4154 611 4202 ad
637 4162 884 4209 oratores,
901 4162 1148 4216 usurpant
1173 4159 1344 4201 tamen
1369 4166 1466 4202 non
1484 4154 1604 4217 lege

546 4239 600 4279 et
639 4231 774 4294 jure,
819 4245 920 4280 non
957 4229 1160 4295 jndicio
1197 4231 1603 4296 recuperatorio,

1669 3235 1786 3294 loco
1818 3235 2079 3283 surculum
2105 3243 2161 3284 et
2194 3250 2390 3283 ramum
2416 3243 2503 3285 aut
2532 3237 2739 3299 glebam

1671 3309 2004 3374 defu-ingebat
2037 3326 2101 3359 ex
2126 3325 2252 3373 agro
2279 3325 2429 3374 quem
2455 3326 2606 3361 suum
2629 3326 2740 3361 esse

1672 3388 2045 3437 contendebat.
2113 3387 2202 3448 Sic
2225 3387 2299 3436 illi
2321 3386 2613 3451 philosophi
2631 3389 2739 3437 imi·

1672 3471 1853 3514 tantur
1882 3478 1969 3513 eos
1993 3463 2078 3527 qui
2104 3465 2323 3512 alienam
2357 3465 2738 3526 possessionem

1670 3540 1926 3590 invadunt
1956 3547 2009 3589 et
2045 3541 2301 3588 surculum
2330 3546 2534 3588 tantum
2560 3539 2739 3590 decer-

1672 3624 1821 3683 punt,
1845 3626 1904 3667 ut
1938 3619 1992 3668 in
2026 3632 2087 3667 ea
2118 3618 2214 3667 sibi
2248 3617 2439 3681 aliquid
2464 3632 2581 3667 esse
2605 3618 2741 3681 juris

1671 3695 2013 3746 confirment:
2046 3711 2147 3744 non
2173 3703 2444 3759 utramque
2468 3710 2643 3745 causae
2665 3696 2741 3746 di-

1671 3774 1921 3824 visionem
1948 3779 2210 3833 tractant3
2243 3771 2309 3820 de
2330 3772 2621 3835 quaeatione
2651 3771 2743 3821 de-

1670 3848 1820 3899 finita
1843 3855 2084 3913 tanquam
2105 3847 2202 3897 sibi
2222 3847 2435 3910 propria
2451 3846 2742 3911 disputant,

1671 3926 1767 3975 sed
1809 3939 1876 3974 ex
1918 3932 2068 3987 parte
2110 3930 2311 3973 tantum
2333 3939 2348 3973 t
2399 3924 2742 3986 qnaestionem

1674 4000 1926 4051 infinitam
1972 4015 2075 4050 non
2122 3998 2415 4062 attingunt;
2472 3999 2745 4061 appellant

1672 4078 1950 4132 dumtaxat
1972 4077 2086 4141 ejus
2107 4090 2290 4125 nomen
2314 4076 2452 4124 inter
2476 4077 2648 4138 prima
2669 4090 2744 4125 ar·

1675 4157 1742 4205 tis
1755 4162 2055 4219 ‘praecepta-
2097 4153 2158 4201 Id
2179 4153 2357 4200 melius
2375 4158 2518 4201 esset
2536 4152 2743 4201 omnino

1649 4231 2101 4297 praetermittere,
2139 4243 2291 4294 quam
2330 4227 2622 4279 delibatum
2663 4242 2740 4279 re-
