3020 4942
2375 318 2544 386 1191

352 483 474 543 aut
502 473 957 552 Aristoxeno:
995 495 1152 540 num
1180 474 1368 560 ipsas
1398 476 1634 547 literas
1674 475 2161 560 Aristophaneu
2192 482 2310 542 ant
2341 476 2545 543 Calli-.-

352 578 636 645 machov
683 586 1027 655 tractante,
1077 585 1212 643 tam
1262 579 1687 664 discerptas—³
1740 580 1977 659 fuisse,
2004 586 2077 644 ut
2114 599 2308 644 nemo
2339 600 2546 663 genus

351 683 735 747 universum
761 681 1340 764 complecteretur,
1387 693 1590 767 atque
1628 688 1706 746 ,ut
1750 683 1930 747 alius
1954 683 2174 747 aliam
2220 684 2348 748 sibi
2391 703 2546 766 par÷

351 791 505 860 tem,
537 786 606 849 in
647 804 783 868 qua
827 785 1252 862 elaborarem
1295 787 1693 868 seponeret'?
1782 786 1933 849 1233.
1980 785 2312 869 Equidem
2358 803 2546 869 saepe

349 886 480 951 hoc
512 887 744 952 audivi
786 888 869 952 de
918 894 1107 970 patre
1150 895 1219 951 et
1256 887 1349 951 -de
1406 883 1679 952 socero⁵
1736 886 1939 964 meos
1981 896 2246 952 nostros
2279 908 2546 973 quoque

351 990 683 1068 homineS,
713 991 828 1073 qui
857 989 1191 1055 excellere
1220 990 1575 1074 sapientiae
1604 990 1814 1074 gloria
1838 991 2101 1069 vellent,
2124 992 2375 1065 omnia,
2393 1012 2546 1075 quae

353 1092 618 1175 quidem
677 1099 816 1157 tum
877 1093 1025 1159 haec
1075 1093 1315 1159 civitas
1360 1103 1617 1168 nosset,
1678 1095 1921 1159 solitos
1971 1114 2120 1159 esse
2163 1094 2543 1177 complecti.

353 1196 806 1280 Meminerant
835 1196 932 1260 illi
952 1197 1416 1275 Sex.AElium,
1442 1196 1539 1261 Μ’
1569 1218 1726 1262 vero
1748 1197 2104 1262 Manilium
2123 1205 2163 1233 Ψ
2192 1217 2318 1260 nos
2340 1199 2546 1262 etiarn

351 1298 644 1362 vidimus
688 1305 1075 1369 transverso
1125 1300 1575 1379 ambulantem
1620 1301 1802 1381 foro;
1847 1300 2036 1384 'quod
2082 1309 2224 1364 erat
2265 1300 2548 1383 insigne,

352 1419 533 1485 etum,
583 1401 702 1486 qui
746 1401 818 1465 id
863 1401 1133 1475 faceret,
1175 1402 1395 1466 facere
1440 1403 1706 1467 civibus
1751 1403 2057 1466 omnibus
2118 1401 2387 1466 consilii
2438 1405 2546 1471 sui

352 1504 712 1586 copiam:³
769 1503 857 1568 ad
909 1524 1081 1588 quos
1132 1504 1297 1569 olim
1353 1512 1421 1570 et
1477 1506 1575 1570 ita
1632 1507 2068 1593 ambulante8‚
2126 1514 2193 1570 et
2246 1506 2314 1569 in
2375 1507 2546 1570 solio

350 1606 652 1671 sedentes
698 1608 903 1686 domi,
960 1608 1062 1671 sic
1105 1606 1438 1686 adibatur,
1462 1628 1614 1673 ,non
1661 1609 1878 1672 solum
1921 1616 2000 1672 ut
2046 1609 2132 1672 de
2170 1609 2321 1693 jure
2361 1608 2547 1673 civili

969 404 973 409 ff
1031 332 1129 379 ns
1175 331 1555 389 oRAToRss,
1603 331 1718 383 ιη.
1760 317 1869 382 33.

405 1769 440 1813 s
466 1762 546 1823 De
563 1780 702 1838 patre
724 1775 891 1824 uxoris
906 1790 1042 1825 meoe

343 1838 675 1954 ”cais-'ignum
692 1846 799 1889 erat
820 1856 925 1891 eum
948 1856 1048 1891 esse
1077 1846 1298 1907 paratum
1323 1843 1388 1892 od
1415 1842 1804 1907 respondendam,
1840 1841 1885 1891 si
1918 1843 2024 1905 quis
2044 1840 2104 1891 ab
2125 1843 2226 1906 ipso
2255 1843 2380 1905 qaut
2386 1848 2546 1906 petere

1266 1986 1627 2006 “mmmo

346 2086 377 2131 3
414 2078 513 2131 Ed.
534 2097 577 2132 s.
595 2083 630 2132 1.
654 2091 710 2133 et
729 2100 774 2134 a.
799 2091 853 2133 et
877 2100 1055 2149 margo
1079 2085 1225 2135 Crat.
1246 2087 1476 2137 discretas
1493 2103 1514 2145 ,-
1549 2087 1659 2136 Erl.
1683 2092 1732 2136 l.
1750 2072 2004 2149 discerpta.
2072 2070 2238 2135 Paulo
2272 2093 2395 2134 aute
2430 2070 2545 2134 vei-‘-

346 2147 434 2211 ba,
474 2162 590 2198 num
627 2149 756 2214 ipsas
798 2150 964 2201 literas
1002 2150 1338 2217 Aristophane,
1385 2151 1572 2201 desunt
1617 2154 1668 2201 in
1709 2152 1818 2205 Erl.
1856 2156 2001 2201 1.—4
2033 2151 2147 2203 Erl.
2176 2155 2222 2200 1.
2258 2150 2545 2200 elaboret—⁴

1341 2298 1551 2349 NOTAE

344 2394 379 2442 li
403 2393 732 2458 siderumque
755 2400 1041 2457 spectator,
1076 2397 1404 2460 geometricae

345 2485 407 2520 ac
433 2471 728 2521 machinalis
765 2471 997 2521 scientiae
1035 2473 1406 2535 peritissimus;

346 2548 571 2611 patriam
602 2549 850 2597 adversus
877 2548 1229 2598 Romanorum
1252 2562 1404 2597 cona-

346 2632 433 2675 tus
457 2625 604 2674 novis
627 2625 931 2674 bellicorum
955 2640 1166 2689 operum
1184 2627 1408 2675 inventis

345 2701 503 2751 facile
528 2716 622 2766 per
642 2702 919 2752 triennium
948 2697 1214 2753 defendit:
1249 2703 1405 2768 Syra-

347 2781 482 2829 cusis
505 2780 694 2842 captis,
730 2794 846 2829 cum
869 2787 1008 2830 esset
1039 2780 1092 2829 in
1114 2795 1208 2830 sua
1232 2779 1406 2830 studia

344 2857 599 2913 intentus,
623 2855 688 2905 ab
711 2858 888 2920 ignoto
914 2857 1079 2906 milite
1102 2855 1405 2907 interfectus

347 2941 448 2993 est,
462 2933 513 2981 id
535 2949 672 2997 aegre
694 2933 893 2983 ferente
912 2936 1167 2984 Marcello
1185 2935 1403 2993 victore,

345 3010 432 3074 qni
469 3008 725 3064 edixerat.
764 3025 829 3058 ne
867 3012 945 3060 vir
978 3020 1154 3061 tantus
1186 3011 1404 3062 violare·

348 3095 453 3145 tur,
488 3085 551 3134 Α.
572 3085 642 3134 U.
667 3086 728 3135 C.
750 3090 864 3135 542.
889 3093 1011 3136 ante
1047 3088 1173 3137 Chr.
1196 3092 1310 3138 212.
1333 3104 1403 3139 ω-

349 3163 472 3212 tatis
511 3161 723 3212 circiter
755 3165 838 3211 70.
872 3162 985 3212 Liv.
1015 3163 1051 3211 l.
1079 3177 1243 3213 xxlv.
1276 3166 1402 3214 Plu-

346 3243 514 3291 tarch.
542 3240 766 3296 Plinius,
799 3242 899 3289 ὅτε.
966 3242 1186 3303 Scripsit
1222 3242 1406 3293 Archi-

346 3319 524 3368 medes
547 3317 612 3367 de
633 3316 840 3379 sphaera
863 3321 918 3365 et
941 3317 1199 3378 cylindro,
1219 3318 1286 3365 de
1308 3319 1406 3367 cir-

348 3395 455 3444 culi
478 3394 815 3448 dimensione,
841 3393 907 3441 de
932 3393 1405 3456 oequiponderanti·

347 3470 463 3527 bus,
497 3469 564 3517 de
586 3468 890 3517 concidibus
929 3476 986 3516 et
1015 3465 1408 3530 sphaeroidibus,

348 3546 418 3595 de
440 3543 734 3606 spiralibus,
754 3544 820 3592 de
849 3543 1168 3607 quadratura
1190 3544 1407 3605 parabo-

348 3624 443 3682 les‚
466 3630 520 3672 et
548 3620 888 3670 insidentibus
915 3621 964 3670 in
989 3620 1216 3669 humido.
1268 3622 1407 3673 Quo·

349 3700 655 3762 tusquisque
710 3695 820 3744 haec
857 3697 1030 3745 omnia
1073 3696 1223 3745 simul
1266 3711 1407 3746 com·

346 3773 633 3841 plectitur?

412 3860 430 3885 ·
462 3848 703 3912 Damone]
750 3851 956 3900 Damon
981 3847 1281 3913 Agathoclis
1302 3849 1404 3900 dis-

346 3929 552 3992 cipulus
594 3941 696 3977 uon
728 3927 778 3975 iu
818 3926 1031 3975 musicis·
1059 3933 1279 3985 tautum,
1318 3938 1405 3987 ve·

346 4019 459 4055 rum
491 4003 647 4054 etiam
683 4004 795 4052 aliis
831 4001 1033 4051 artibus
1067 4002 1405 4065 perjucuudis

347 4081 616 4133 excelluit.
650 4081 804 4129 Plato
828 4081 879 4128 in
907 4080 1155 4128 Lachete.

413 4162 430 4192 ⁸
466 4155 775 4219 Aristoxeno]
831 4156 933 4207 Qui
975 4164 1121 4206 ortus
1168 4168 1234 4204 ex
1278 4154 1405 4204 urbe

346 4236 578 4287 Tarento
602 4232 967 4300 philosophicis
989 4232 1145 4295 juxta
1173 4238 1230 4281 et
1253 4231 1407 4280 musi·

1486 2396 1559 2444 cis
1580 2395 1863 2458 disciplinis
1878 2394 2108 2444 eruditus
2123 2394 2320 2444 extitit.
2346 2392 2542 2445 Aristo.

1488 2474 1644 2520 telem
1670 2473 1868 2539 audivit
1892 2477 2289 2534 praeceptorem,
2316 2471 2365 2519 in
2391 2486 2544 2535 quem

1487 2546 1641 2597 officii
1662 2562 1841 2611 parum
1866 2560 2061 2595 memor
2073 2546 2289 2595 subinde
2312 2545 2546 2596 invectus

1488 2633 1589 2684 est,
1625 2624 1760 2688 quod
1803 2623 2111 2673 Aristoteles
2143 2624 2198 2671 in
2236 2622 2410 2671 schola
2447 2625 2545 2675 sibi

1488 2700 1770 2766 delegisset
1821 2698 2229 2763 Theophrastum
2286 2714 2545 2751 successo.

1487 2791 1615 2825 rem.
1682 2776 1937 2826 Inclaruit
1969 2790 2102 2825 anno
2132 2782 2255 2825 ante
2289 2775 2412 2827 Chr.
2446 2779 2545 2827 cir-

1487 2853 1765 2904 citer-320.
1800 2852 2007 2902 Suidas.

1550 2940 1573 2966 ¹²
1598 2929 1937 2995 Aristophane]
1964 2930 2066 2978 Hic
2085 2928 2363 2993 Byzantius
2380 2943 2544 2991 gram·
2602 2963 2609 2976 .

1484 3009 1721 3065 rusticus,
1762 3005 2060 3057 Callimachi
2082 3015 2137 3054 et
2159 3004 2417 3054 Zenodoti
2441 3004 2543 3053 dis-

1483 3087 1705 3151 cipulus,
1725 3085 1855 3134 vixit
1877 3084 2088 3148 olymp.
2112 3096 2247 3132 xsv.
2267 3091 2386 3132 aute
2419 3081 2542 3133 Chr.

1487 3163 1633 3212 annis
1656 3167 1771 3213 600.
1803 3160 2007 3212 Suidas.

1550 3239 1923 3308 Callimacho]
1976 3237 2227 3301 Cyreuaeo
2249 3236 2545 3301 grammati-

1487 3329 1570 3372 co,
1592 3316 1678 3380 qui
1702 3314 1938 3379 poemata
1955 3313 2132 3377 quovis
2149 3314 2431 3362 carminum
2454 3326 2543 3375 ge·
2637 3355 2644 3362 .

1487 3406 1614 3441 nere
1635 3393 1866 3454 scripsit,
1904 3391 2167 3455 multaque
2200 3391 2434 3439 oratioue
2455 3404 2545 3439 nu-

1487 3467 1643 3517 meris
1688 3468 1854 3516 solnta
1906 3466 2088 3517 edidit.
2155 3465 2268 3515 Ista
2316 3456 2544 3515 'subinde

1489 3542 1669 3606 partiti
1706 3551 1826 3591 sunt
1856 3540 2041 3597 studia,
2063 3541 2150 3590 alii
2176 3541 2545 3605 grammaticae,

1488 3620 1573 3669 alii
1599 3618 1818 3683 poeticae
1855 3618 2067 3667 addicti.
2131 3617 2280 3668 Vixit
2303 3619 2544 3668 Callima-

1485 3696 1612 3745 chus
1646 3696 1711 3746 ad
1748 3704 1984 3760 tempora
2019 3694 2288 3744 Ptolemaei
2317 3695 2544 3758 Euerge-

1485 3782 1572 3830 tae‚
1614 3774 1699 3838 qui
1744 3786 1962 3835 regnare
2006 3772 2168 3834 coepit
2218 3771 2275 3819 in'
2311 3772 2542 3834 AEgypto

1486 3851 1699 3912 Olymp.
1742 3862 1963 3899 cxxvu.
2010 3861 2143 3896 auno
2174 3851 2225 3896 2.
2268 3853 2390 3896 ante
2421 3848 2543 3899 Chr.

1482 3930 1599 3975 261.
1629 3925 1830 3975 Suidas.

1549 4010 1583 4037 w
1616 4002 1732 4051 Sex.
1762 4001 1964 4060 AElium,
1998 3997 2080 4047 M*
2109 4013 2220 4049 uero
2247 3999 2545 4063 Manilium]

1486 4078 1569 4127 De
1592 4077 1794 4140 quibus,
1829 4084 1886 4126 nt
1921 4083 1977 4125 et
2009 4076 2200 4125 ceteris
2220 4075 2307 4139 qui
2333 4076 2544 4126 dicendi

1485 4152 1639 4202 laude
1659 4150 2039 4215 praestiterunt,
2056 4149 2363 4202 disseremus
2383 4154 2436 4202 iu
2451 4167 2541 4202 no*
2569 4210 2574 4216 .

1487 4231 1555 4280 tis
1579 4230 1646 4280 ad
1668 4230 1905 4279 Brutum.
