3020 4942
538 352 667 417 910
1282 367 1358 414 M.
1403 368 1474 415 r.
1523 366 1927 417 cicnnoms

538 516 695 579 artis
752 514 1076 589 antistes,0
1142 512 1339 598 cujus
1398 531 1550 577 cum
1605 514 1760 596 ipsa
1814 518 2054 578 natura
2110 531 2418 595 magnam
2473 513 2719 582 homini

536 618 931 682 facultatem
978 616 1192 692 daret,
1236 623 1454 679 tamen
1482 634 1631 679 esse
1660 614 1853 681 Deus
1891 615 2362 723 putabaturj‘·
2405 623 2481 681 ut
2525 624 2595 683 et
2621 618 2718 701 ip·

535 739 706 795 sum,
738 717 922 802 quod
941 726 1087 782 erat
1113 716 1401 781 hominis
1431 719 1799 801 proprium,
1827 715 1961 782 non¹
1990 725 2256 802 partum
2287 738 2410 802 per
2436 739 2582 795 noS,
2607 720 2718 785 sed

537 822 861 886 divinitus
890 821 977 885 ad
1001 840 1128 884 nos
1157 819 1456 884 delatum
1486 820 1851 886 videretur.
1882 819 2142 899 deinde,
2164 820 2283 904 qui
2313 821 2558 904 possit,
2589 841 2716 885 non

537 933 675 988 tam
720 923 1070 1002 caduce0‚⁸
1111 940 1317 1007 quam
1359 922 1631 1002 nomine
1674 922 1952 987 oratoris
1998 924 2718 1001 ornatus,vincolumis,

536 1027 647 1090 vel
692 1028 861 1091 inter
902 1026 1198 1090 bostium
1231 1025 1385 1102 tela,
1424 1025 1716 1092 versari:
1763 1034 1926 1103 tum,
1971 1028 2086 1110 qui
2127 1028 2359 1092 scelus
2389 1026 2719 1091 fraudem-

536 1148 667 1213 que
697 1128 995 1193 nocentis
1017 1127 1237 1212 possit
1258 1127 1547 1193 dicendo
1572 1127 1900 1213 suincere
1931 1130 2089 1194 odio
2113 1142 2138 1167 ³
2165 1130 2434 1203 cirium,
2461 1129 2720 1212 suppli·

536 1231 784 1314 cioque
828 1232 1317 1313 constringere:
1362 1230 1676 1314 idemque
1734 1232 1980 1313 ingenii
2036 1232 2353 1315 praesidio
2411 1232 2716 1296 innocen-

535 1335 698 1398 tiam
762 1333 1169 1417 judiciorum
1242 1352 1453 1416 poena
1521 1335 1848 1401 liberare:
1919 1335 2229 1418 idemque
2299 1335 2718 1417 languentem

534 1438 998 1520 labentemque
1020 1443 1044 1482 ⁵
1088 1436 1412 1521 populum
1456 1445 1578 1501 aut
1616 1437 1703 1503 ad
1749 1437 1963 1501 decus
2003 1438 2322 1512 excitare,
2355 1444 2475 1501 aut
2506 1437 2593 1499 ab
2619 1456 2721 1500 er-

532 1561 679 1605 rore
708 1539 1058 1613 deducere,
1093 1546 1205 1603 aut
1242 1537 1757 1603 inflammare-in
1798 1541 2166 1623 improboS,
2217 1544 2337 1603 aut
2372 1539 2717 1603 incitatum

534 1643 602 1708 in
658 1644 898 1720 bonos,
944 1642 1288 1723 mitigaret
1329 1644 1443 1726 qui
1491 1642 1799 1726 denique,
1842 1661 2326 1726 quemcumque
2366 1642 2435 1706 in
2477 1641 2717 1705 animis

534 1745 879 1810 hominum
929 1750 1184 1812 motum
1227 1766 1339 1811 res
1381 1755 1452 1811 et
1495 1764 1711 1811 causa
1759 1744 2078 1829 postulet,
2111 1764 2262 1809 eum
2294 1743 2585 1809 dicendo
2618 1744 2717 1808 vel

533 1849 841 1913 excitare
870 1849 1115 1931 possit.
1148 1837 1255 1920 vel
1283 1849 1543 1913 sedare.
1627 1847 1777 1913 203.
1823 1848 2026 1912 Hanc
2058 1848 2192 1930 vim
2222 1849 2281 1912 si
2305 1847 2458 1932 quis
2485 1847 2733 1911 existi-.-

531 1958 691 2028 mat,
728 1958 846 2016 aut
875 1951 960 2015 ab
991 1952 1097 2026 iis,
1126 1951 1243 2034 qui
1274 1950 1357 2015 de
1387 1949 1653 2014 dicendi
1689 1951 1949 2015 ratione
1982 1949 2415 2034 scripserunt,
2444 1948 2716 2033 exposi-

534 2061 675 2117 tam
722 2073 900 2132 esse,
955 2062 1073 2118 aut
1119 2074 1160 2118 a
1198 2073 1307 2116 me
1360 2072 1566 2136 posse
1603 2053 1855 2136 exponi
1894 2061 2034 2118 tam
2061 2054 2272 2129 brevi,
2305 2053 2719 2120 vehementer

529 2163 745 2220 errat:
790 2175 1011 2239 neque
1042 2156 1260 2219 solum
1291 2153 1747 2220 inscientiam⁶
1789 2175 2027 2235 meam,
2056 2155 2174 2221 sed
2202 2175 2287 2219 ne
2328 2174 2543 2220 rerum
2576 2156 2718 2239 qui·

533 2258 683 2343 dem
714 2257 1233 2342 magnitudinem
1264 2258 1610 2341 perspicit.
1658 2256 2010 2343 Equidem
2038 2258 2250 2333 vobiS,
2285 2257 2602 2342 quoniam
2625 2258 2715 2323 ita

533 2340 872 2438 voluistis»,
921 2360 1169 2433 fontes,
1209 2358 1385 2423 unde
1429 2360 1828 2438 hauriretiS,⁷
1873 2367 2074 2446 atque
2121 2362 2360 2447 itinera
2404 2362 2583 2446 ipsa,
2626 2363 2715 2425 ita

530 2464 769 2548 putavi
799 2459 956 2531 esse
981 2461 1531 2546 demonstranda3
1574 2483 1713 2530 non
1755 2468 1831 2529 nt
1866 2464 2012 2550 ipse
2054 2464 2196 2529 dux
2226 2485 2465 2541 essem,
2507 2463 2715 2551 (quod

592 2658 753 2715 ’Qui
767 2658 940 2709 ceteris
958 2659 1154 2709 dicendo
1164 2659 1429 2708 antecellat.

591 2731 628 2755 ¹·
663 2724 891 2779 Quamvis
913 2730 1089 2773 natura
1110 2739 1332 2786 magnum
1358 2723 1483 2772 artis
1504 2722 1731 2772 oratoria
1745 2723 2033 2784 fucultatem
2052 2722 2230 2787 afferat
2249 2721 2532 2797 hominibus,
2564 2729 2711 2773 tum

528 2802 610 2838 urs
629 2803 686 2837 ea
703 2793 839 2838 tanta
859 2795 950 2850 est,
969 2795 1025 2839 ut
1040 2790 1141 2853 ipse
1164 2791 1298 2841 Deus
1315 2776 1732 2848 hamsaoultutem
1752 2789 1938 2839 dedisse
1954 2794 2151 2855 putetur
2177 2787 2459 2837 hominibus.

590 2861 618 2884 δ’
648 2853 899 2905 Adduxere
927 2856 979 2904 in
997 2856 1172 2904 odium.

1442 2949 1737 2969 ‘mooe-eoo
1740 2949 1798 2970 ‘O

528 3049 612 3091 ter
636 3044 843 3092 Ernest.
875 3049 931 3093 et
960 3041 1109 3091 Harl.
1142 3041 1273 3091 ‘alia
1293 3043 1503 3095 Ernest.
1527 3056 1701 3094 errore
1734 3041 1959 3108 typogrl
1997 3044 2245 3099 OrelL-d
2277 3042 2458 3092 Erl.1.
2493 3048 2594 3092 tum
2623 3055 2710 3092 esse

530 3109 663 3158 Deus
689 3113 916 3184 putatur.
968 3108 1111 3157 ‘Sed
1153 3109 1358 3157 Ernesti
1398 3124 1495 3173 pro
1534 3108 1744 3174 vulgata
1785 3109 2005 3158 lectione
2035 3114 2254 3184 putatur,
2292 3123 2411 3172 quae
2450 3107 2710 3156 manifeste

525 3172 663 3222 falsa
676 3181 756 3223 est
771 3173 907 3222 iuter
921 3171 1415 3238 mediaimperfecta
1432 3176 1588 3233 daret,
1605 3181 1731 3239 erat,
1742 3174 2002 3236 videretur,
2019 3176 2247 3222 correxit
2263 3173 2557 3235 putabatur-‚³
2573 3173 2711 3221 Harl.

526 3238 677 3298 Mox,
701 3252 799 3315 ‘pro
828 3242 1037 3301 partum,
1075 3238 1193 3288 edd.
1228 3240 1386 3304 antiq.
1416 3240 1612 3291 habeut
1630 3211 1855 3300 suctum3
1887 3239 2029 3304 Lips.
2055 3240 2305 3315 perlatum.
2313 3244 2402 3284 -5
2439 3239 2705 3288 Lambinus

526 3304 741 3363 corrigit
758 3303 1195 3367 urbanumque—6
1225 3305 1430 3355 Victor.
1460 3305 1719 3355 inscitiam.
1721 3309 1817 3354 -7
1851 3305 1962 3354 Erl.
1986 3311 2031 3357 1.
2064 3303 2312 3358 haurietis,
2348 3313 2405 3352 et
2439 3319 2557 3353 mox
2596 3303 2711 3366 quod

527 3367 788 3434 infinitum,
810 3368 997 3418 omisso
1018 3374 1083 3418 et.
1148 3369 1442 3432 Praeterea,
1462 3370 1707 3423 Ernestio
1745 3369 1957 3420 videtur
1990 3384 2105 3418 esse
2139 3368 2415 3432 legendum
2438 3375 2558 3419 esset
2578 3366 2704 3432 infin.

526 3433 619 3483 sed
645 3441 900 3498 repugnat
923 3434 1195 3484 Ruhnken.
1220 3435 1286 3484 ad
1309 3436 1449 3485 Veu.
1471 3437 1687 3486 Patet-c.
1709 3449 1773 3484 ιι.
1792 3439 1876 3484 42.
1899 3442 1954 3484 et
1981 3435 2238 3491 observat,
2259 3434 2424 3484 bonos
2444 3436 2708 3496 scriptores

525 3498 637 3549 fere
660 3513 863 3564 semper
878 3499 1017 3550 illam
1034 3492 1307 3551 formulam
1328 3515 1424 3566 per
1440 3501 1783 3553 indicativum
1799 3498 2005 3556 efferre,
2029 3500 2268 3564 ‘longum
2285 3498 2404 3562 est,’
2429 3497 2705 3550 ‘infinitum

1514 3646 1734 3698 NOTAE

590 3750 615 3776 ⁸
650 3743 890 3809 Cadmo]
926 3744 1195 3796 Caduceus
1219 3745 1439 3796 bacillus
1464 3745 1578 3810 qui·
1661 3744 2016 3810 praeferebant
2055 3743 2359 3806 caduceum,
2382 3752 2441 3794 et·
2461 3743 2706 3793 caducea-

524 3819 643 3869 dam
667 3830 750 3870 est
788 3821 990 3871 duobus
1024 3824 1274 3886 anguibus
1307 3823 1429 3872 hinc
1456 3822 1578 3873 inde
1661 3831 1802 3873 tores
1826 3823 2085 3873 interdum
2104 3819 2443 3871 vocabamur.
2492 3820 2588 3871 Qui
2610 3820 2707 3865 vir·

526 3897 825 3949 extantibus
843 3898 919 3949 ita
945 3900 1189 3964 illigatus,
1218 3908 1279 3950 ut
1300 3900 1578 3951 interillos
1661 3914 1779 3962 gam
1821 3899 1959 3949 illam
2007 3897 2207 3959 insigne
2244 3896 2384 3960 pacis
2425 3894 2707 3960 gestabant.

523 3976 721 4025 medius
740 3976 823 4026 sit.
856 3977 1071 4040 Insigne
1086 3975 1577 4038 estMercurii3de-
1662 3983 1813 4025 erant
1849 3977 1970 4038 jure
2017 3974 2251 4037 gentium
2295 3973 2485 4038 ubique
2523 3971 2615 4020 tuti
2645 3976 2704 4017 et

528 4052 768 4103 scribitur
790 4069 822 4103 a
850 4054 1067 4119 Virgilio
1090 4056 1167 4104 his
1198 4054 1434 4105 versibus
1459 4054 1578 4104 AEn.
1660 4054 1959 4105 incolumes.
2014 4054 2147 4102 Haec
2167 4059 2247 4101 est
2270 4066 2424 4115 porro
2441 4051 2584 4114 hujus
2603 4048 2700 4095 loci

526 4139 605 4178 lv.
627 4128 644 4156 ‘
663 4127 791 4178 Tum
823 4130 1017 4195 virgam
1050 4131 1196 4196 capit
1220 4146 1236 4193 3
1258 4131 1356 4180 hac
1380 4131 1577 4181 animas
1657 4131 1932 4180 sententia.
2001 4130 2198 4180 Orator
2231 4136 2465 4178 nontam
2495 4123 2706 4176 oratoris

522 4201 614 4251 ille
636 4212 822 4253 evocat
839 4218 965 4256 orco
988 4205 1297 4263 Pallentes,’
1317 4210 1419 4257 ὅτε.
1476 4208 1576 4256 Le·
1656 4221 1898 4271 persona,
1922 4221 2074 4272 quam
2109 4206 2360 4256 orationis
2396 4203 2707 4260 auctoritate

524 4279 637 4341 gati
671 4279 901 4340 feciales,
943 4284 1033 4349 qui
1079 4297 1257 4347 pacem
1300 4282 1575 4348 petebant,
1656 4293 1800 4335 tutus
1828 4285 1915 4335 sit.
