3020 4942
2337 355 2514 423 1065

242 507 247 512 ’
307 508 555 592 plexus
597 513 818 573 esset:
865 511 886 543 ‘
911 506 1138 572 Puer?
1196 508 1390 591 abige
1440 530 1714 586 muscas
1737 508 1789 574 ‘l’
1876 507 2116 576 Risum
2157 512 2512 594 quaesivit,

310 612 433 695 qui
490 616 620 688 est,
675 630 828 675 mea
886 612 1243 687 sententia,
1299 611 1410 676 vel
1466 613 1893 677 tenuissimus
1942 614 2195 697 ingenii
2239 613 2515 678 fructus.

307 712 615 796 Tempus
645 712 848 792 igitur
867 720 937 790 ¹5¹
963 712 1230 779 dicendi
1252 724 1275 752 ⁷
1313 715 1667 798 prudentia
1695 722 1762 780 et
1793 717 2126 797 gravitate.
2145 716 2512 781 moderabi-

309 834 498 881 mur:
544 833 822 898 quarum
873 816 1129 881 utinam
1169 823 1379 883 artem
1420 818 1713 901 aliquam
1750 818 2185 884 haberemus!
2234 819 2355 884 sed
2389 820 2514 884 do-

311 918 496 988 mina
524 925 761 982 natura
789 925 916 983 est.

391 1007 569 1082 uxr.
633 1020 786 1090 248.
843 1019 1047 1086 Nunc
1109 1040 1533 1105 exponamus
1590 1041 1829 1103 genera
1888 1007 2042 1106 ipsa
2103 1023 2516 1102 summatim,

313 1121 708 1206 quae‘risum
737 1123 1034 1187 maxime
1065 1131 1397 1189 moveant.
1487 1126 1668 1190 Haec
1700 1126 1904 1209 igitur
1941 1127 2031 1190 sit
2064 1126 2276 1210 prima
2309 1126 2515 1210 parti-

312 1226 426 1300 tio,
458 1225 637 1308 quod
664 1225 885 1293 facete,
907 1226 1191 1304 dicatur,
1217 1227 1285 1290 id
1317 1227 1488 1291 alias
1520 1228 1589 1289 in
1632 1247 1700 1291 re
1746 1228 2027 1304 haberi,r
2070 1228 2237 1292 alias
2267 1229 2335 1291 in
2367 1247 2518 1292 ver-

312 1329 484 1395 boz'
526 1323 795 1393 facetiis
826 1337 1050 1393 autem
1083 1331 1375 1393 maxime
1403 1330 1709 1394 homines
1734 1330 2101 1407 delectari}
2152 1330 2214 1393 si
2247 1329 2521 1414 quaudo

313 1429 495 1497 risus
527 1430 905 1514 conjuncte,
934 1452 1001 1495 re
1031 1432 1395 1514 verboque,
1426 1440 1793 1496 moveatur.
1882 1432 2020 1497 Sed
2052 1433 2182 1497 hoc
2230 1450 2518 1498 memen-

313 1537 475 1610 tote,
521 1552 981 1617 quoscumque
1026 1533 1211 1598 locos
1251 1534 1594 1616 attingam,
1642 1533 1816 1597 unde
1853 1534 2138 1598 ridicula
2168 1534 2520 1610 ducantur,

313 1653 406 1699 ex
436 1634 675 1699 iisdem
708 1636 924 1701 locis²
970 1636 1108 1700 sere
1153 1635 1360 1699 etiam
1406 1655 1642 1718 graves
1686 1639 2049 1700 sententias
2081 1656 2285 1721 posse
2318 1635 2518 1699 duci:

315 1743 573 1800 tantum
620 1738 922 1812 interest,
971 1737 1194 1822 quod‘
1239 1740 1535 1819 gravitas
1581 1738 1884 1803 honestis
1928 1741 1995 1803 in
2040 1741 2236 1804 rebus
2268 1757 2522 1814 severe,

305 1839 511 1923 jocus
534 1848 555 1887 ³
606 1840 676 1904 in
705 1842 1062 1924 turpiculis
1093 1849 1160 1905 et
1206 1842 1404 1924 quasi
1437 1842 1851 1906 deformibus
1895 1843 2199 1925 ponitur:
2245 1841 2424 1906 velut
2453 1841 2522 1904 in

315 1942 561 2007 iisdem
591 1944 808 2008 verbis
853 1951 921 2008 et
949 1944 1220 2008 laudare
1263 1944 1430 2027 frugi
1472 1964 1736 2009 servum
1776 1965 2163 2028 possumus,
2199 1951 2292 2021 et,
2331 1944 2389 2007 si
2419 1947 2525 2008 est

1004 368 1102 416 nn
1149 367 1531 431 onA‘roRn,
1582 370 1664 419 ιι.
1708 352 1820 417 61.

381 2134 407 2167 ⁹
448 2125 659 2177 Servule.
849 2136 871 2161 r
905 2128 1128 2177 Ridicula
1147 2128 1388 2189 jactandi.

382 2198 403 2223 ⁸
437 2192 613 2241 Facete
633 2193 810 2241 dictum
835 2194 1085 2257 aliquando
1109 2194 1258 2251 rebus,
1283 2195 1535 2258 aliquando
1558 2194 1697 2244 verbo
1717 2194 1972 2244 contineri.

385 2257 403 2287 θ
436 2257 555 2306 Hoc
568 2263 753 2307 tuntum
774 2260 990 2312 interest,
1013 2261 1151 2322 quod,
1172 2261 1254 2321 oisc.

1241 2397 1268 2415 0
1274 2397 1581 2419 ‘omnen
1587 2397 1612 2416 O

320 2505 493 2548 autem
521 2497 649 2560 legit
669 2498 945 2557 cumfratre
964 2514 1048 2547 suo
1075 2499 1153 2548 M.
1218 2499 1369 2560 Mox,
1378 2498 1577 2557 fructus
1598 2498 1752 2547 deest
1787 2498 1836 2545 in
1859 2501 2040 2559 ipa—11
2081 2498 2280 2560 Tempus
2312 2497 2436 2546 enim
2471 2497 2524 2546 in

321 2566 508 2614 eodem
533 2565 651 2613 cod.

389 2630 525 2678 CAP.
562 2643 680 2678 Lxr.
750 2631 775 2676 1
817 2627 900 2676 Ita
925 2628 1042 2676 edd.
1071 2637 1201 2678 vett.
1242 2627 1448 2676 Harles.
1483 2627 1638 2676 Mun.
1666 2635 1719 2672 et
1746 2627 1912 2676 Orell.

319 2696 443 2744 alius
459 2695 511 2742 in
532 2696 668 2744 verbo
679 2692 889 2751 facetius
907 2710 924 2742 .·
957 2698 1178 2748 maxime,
1199 2696 1282 2756 oisc.
1306 2691 1429 2741 Ald.
1450 2693 1482 2742 J
1490 2702 1601 2741 unt.
1626 2692 1803 2741 Lamb.
1826 2692 1984 2742 Grut.
2031 2691 2244 2750 facetius
2278 2691 2436 2739 etiam
2473 2694 2528 2753 ψ.

319 2761 374 2810 id
397 2762 520 2809 alias
541 2761 593 2808 in
614 2776 664 2807 re
687 2759 869 2814 haberi,
902 2760 1023 2807 alius
1058 2761 1108 2807 in
1146 2759 1283 2806 verbo
1300 2775 1316 2806 .·
1349 2758 1556 2806 maxime
1579 2758 1887 2806 Schntz.——2
1909 2755 2051 2809 ,Voc.
2080 2757 2195 2804 locis
2216 2764 2521 2817 suspectum

325 2825 705 2885 Ernesti0,'cui
729 2826 913 2873 saltem
937 2824 1212 2886 legendum
1241 2823 1443 2870 videtur
1463 2838 1526 2870 ex
1546 2822 1838 2881 iisdemserc
1855 2822 1987 2871 locis.
2034 2821 2185 2883 Mox,
2203 2836 2391 2884 possum
2413 2821 2525 2869 duci

320 2895 471 2954 uffa—3
508 2891 655 2939 Idem
681 2890 846 2939 codex
868 2892 1011 2940 locus.
1077 2890 1229 2950 Mox,
1250 2889 1405 2939 codd.
1429 2888 1681 2943 Lambini,
1720 2887 1844 2937 Vet.
1878 2901 1962 2951 ap.
1998 2886 2181 2950 Steph.
2216 2896 2271 2935 et
2302 2889 2358 2948 ψ,
2399 2887 2527 2935 item

1970 2628 2022 2676 id
2044 2626 2167 2674 alias
2187 2627 2237 2673 iu
2262 2640 2313 2674 re
2335 2624 2520 2681 habere,

1311 3037 1361 3085 N
1367 3035 1529 3086 OTAE

321 3137 382 3181 nt
404 3145 602 3180 muscas
641 3129 904 3191 abigeret:
943 3142 1006 3177 eo
1035 3127 1176 3176 dicto
1199 3139 1380 3189 carpe·
1463 3131 1752 3173 mutentur.
1803 3094 1948 3170 ‘Tale
1982 3128 2064 3170 est
2097 3118 2221 3169 illud
2258 3119 2369 3170 Cic·
2404 3119 2530 3169 ibid.

320 3199 416 3259 bat
447 3208 698 3272 petitores
720 3214 776 3255 et
798 3201 1121 3267 candidatos,
1154 3203 1379 3268 quiper-
1461 3201 1778 3266 ‘Nunquam
1838 3206 1943 3247 tam
1998 3199 2132 3246 male
2187 3203 2271 3246 est
2320 3196 2531 3254 Siculis,

320 3283 446 3334 inde
467 3299 530 3334 ac
565 3297 752 3332 muscae
790 3281 997 3330 molesti
1031 3281 1278 3343 levesque
1300 3295 1381 3328 es·

324 3367 465 3410 sent.

390 3443 411 3470 ¹·
440 3436 579 3486 Alias
613 3435 666 3484 in
698 3448 751 3482 re
780 3431 969 3495 haberi]
1006 3428 1109 3481 Qui
1143 3428 1386 3478 consistit

321 3516 381 3563 i'n
404 3527 459 3563 re
471 3514 645 3577 jocus,
666 3509 913 3575 ejusmodi
932 3515 1032 3566 est,
1055 3517 1110 3557 ut
1126 3508 1260 3556 idem
1278 3520 1383 3557 mu·

320 3591 450 3642 tatis
476 3590 646 3638 verbis
677 3597 903 3636 maneat.
958 3583 1264 3646 Exemplum
1295 3583 1385 3631 ha-

326 3672 420 3719 bes
462 3670 614 3718 Verr.
649 3681 727 3716 nv.
757 3668 773 3696 ⁸
799 3666 1006 3729 ltaque,
1038 3662 1267 3727 judices,
1309 3662 1382 3722 hi,

320 3748 412 3814 qni
443 3747 676 3810 hospites
711 3743 776 3793 ad
801 3757 863 3792 ea
888 3756 1003 3805 quae
1031 3740 1242 3789 visenda
1263 3748 1384 3787 sunt

323 3825 522 3876 ducere
564 3823 750 3876 solent,
788 3827 844 3869 et
883 3815 1268 3880 unumquidque
1305 3829 1384 3862 os·

324 3901 566 3959 tendere,
587 3912 713 3961 quos
733 3897 806 3944 illi
827 3902 1154 3959 mystagogos
1178 3897 1385 3947 vocant,

325 3985 632 4027 conversam
643 3976 751 4038 jam
775 3972 966 4021 liabent
991 3968 1387 4018 demonstratio-

324 4068 445 4103 nem
471 4067 643 4113 suam;
680 4065 798 4099 nam
831 4055 888 4098 ut
921 4056 1042 4097 ante
1066 4047 1386 4096 demonstra-

329 4132 456 4179 bant
479 4126 602 4192 qnid
626 4127 819 4189 ubique
841 4133 998 4180 esset,
1015 4125 1088 4173 ita
1108 4137 1243 4171 nume
1260 4122 1386 4187 quid

327 4206 561 4270 undique
586 4203 811 4253 ablatum
836 4201 904 4250 sit
926 4197 1247 4273 ostendunt?
1300 4198 1388 4247 Ri-

327 4283 558 4335 diculum
582 4281 633 4330 in
666 4279 811 4330 dicto
836 4279 972 4342 perit
1005 4277 1048 4326 si
1071 4289 1224 4326 voces
1247 4290 1389 4325 com-

1464 3276 1589 3340 quin
1624 3274 1817 3339 aliquid
1856 3272 2029 3324 facete
2062 3280 2118 3322 et
2152 3273 2418 3322 commode
2448 3271 2538 3321 (li--¹

1464 3361 1620 3402 cant:
1662 3352 1803 3401 velut
1838 3352 1887 3399 in
1924 3351 2020 3400 hac
2050 3364 2107 3398 re
2130 3349 2356 3405 aiebant,
2379 3349 2431 3397 in
2457 3350 2533 3398 la-

1464 3429 1614 3478 bores
1649 3428 1894 3477 Herculis
1928 3442 2032 3476 non
2070 3427 2236 3476 minus
2274 3426 2412 3474 hunc
2435 3426 2531 3474 im-

1465 3504 1818 3554 manissimum
1880 3504 2124 3563 Verrem,
2175 3516 2327 3564 qnam
2386 3502 2529 3551 illum

1468 3594 1650 3644 aprum
1693 3577 2085 3640 Erymanthium
2143 3575 2327 3627 referri
2378 3592 2531 3640 opor-

1467 3656 1615 3708 tere?
1676 3656 1823 3706 Tolle
1845 3669 2033 3703 nomen
2049 3654 2247 3713 Verris,
2267 3653 2405 3717 quod
2433 3655 2531 3703 La-

1467 3735 1575 3784 tine
1596 3746 1806 3797 porcum
1832 3744 1931 3779 non
1949 3736 2228 3779 castratum
2252 3728 2531 3794 significat,

1465 3813 1610 3861 dicto
1633 3809 1770 3874 perit
1792 3808 1957 3857 om‘nis
1982 3807 2169 3869 gratia.
2242 3806 2531 3868 Elegantis-

1466 3889 1647 3937 simum
1673 3893 1845 3935 antem
1870 3883 1996 3933 illud
2012 3889 2115 3945 est,
2137 3881 2275 3946 quod
2303 3897 2358 3930 re
2379 3883 2532 3932 simul

1465 3974 1520 4014 et
1551 3964 1696 4012 dicto
1720 3962 1875 4010 risum
1899 3967 2101 4014 movet;
2138 3958 2423 4021 cujusmodi
2449 3966 2533 4008 est

1467 4041 1593 4091 illud
1635 4038 1899 4088 Ciceronis
1933 4051 1961 4083 a
2009 4035 2200 4091 Plinio,
2245 4034 2531 4085 Plutarcho

1468 4117 1521 4165 in
1549 4113 1812 4178 Apophth.
1844 4118 1900 4158 et
1934 4109 2256 4160 Quintiliano
2288 4109 2529 4158 relatum.

1471 4190 1785 4243 Hortensius
1810 4195 2003 4248 orator,
2035 4195 2251 4251 accepta
2275 4187 2532 4237 mercedis

1466 4270 1582 4320 loco
1606 4283 1635 4317 a
1658 4267 1828 4316 Verre
1863 4261 2083 4328 sphinge
2105 4266 2374 4327 argentea,
2411 4276 2536 4313 cnm
2606 4319 2612 4330 Ι
