3020 4942
511 351 643 419 842
1292 371 1373 421 Μ.
1418 370 1489 419 τ.
1537 367 1937 420 cronnoms

513 517 820 594 oratoriS,
866 511 1046 598 quod
1080 533 1268 598 saepe
1303 513 1446 599 jam
1492 515 1662 592 dixi,
1705 515 1926 578 oratio
1958 514 2201 595 graviS,
2249 519 2318 577 et
2349 515 2602 584 ornata,
2645 518 2704 577 et

511 621 851 685 hominum
896 618 1197 682 sensibus
1241 637 1322 683 ac
1366 618 1695 682 mentibus
1743 616 2277 681 accommodata.
2372 631 2558 679 x11-1.
2600 617 2701 679 55.

516 722 786 801 Quibus
817 721 901 785 de
930 723 1130 785 rebus
1153 727 1179 758 ⁰
1206 719 1633 784 Aristotelem
1655 727 1675 756 ⁸
1707 727 1773 783 et
1796 720 2331 802 Theophrastum
2353 718 2703 803 scripsisse

515 824 753 890 fateor.
834 823 972 888 Sed
998 823 1175 898 vide,
1201 842 1282 886 ne
1310 822 1464 901 hoc,
1498 821 1842 900 Scaevola,
1872 828 2089 885 totum
2116 821 2209 884 sit
2236 841 2277 884 a
2308 841 2455 888 me:
2480 832 2511 858 '⁰
2554 840 2705 884 nam

517 948 664 1009 ego,
696 946 853 1010 quae
884 931 1040 990 sunt
1087 926 1333 991 oratori
1370 945 1523 990 cum
1554 924 1695 989 illis
1726 925 2131 998 communia,
2162 943 2294 986 non
2327 928 2591 986 mutuor
2621 924 2704 986 ab

512 1030 683 1094 illis:
729 1028 844 1091 isti
876 1047 1031 1111 quae
1063 1027 1149 1091 de
1171 1027 1276 1091 his
1306 1029 1503 1092 rebus
1527 1026 1897 1110 disputant,
1923 1034 2261 1090 oratorum
2291 1046 2442 1088 esse
2472 1044 2706 1089 conce-

515 1132 703 1195 dunt.
779 1129 1029 1213 Itaque
1062 1139 1321 1194 ceteros
1351 1130 1580 1202 libroS,
1615 1128 1777 1193 artis
1800 1139 1824 1166 ⁸
1854 1129 1963 1191 isti
1997 1148 2141 1192 suae
2169 1136 2189 1165 ¹
2224 1129 2512 1203 nomine,
2547 1129 2710 1192 bos³

514 1233 886 1297 rhetoricos
933 1242 1003 1297 et
1037 1232 1432 1309 inscribunt,
1474 1239 1545 1295 et
1590 1232 1952 1316 appellant.
2040 1231 2146 1295 56.
2192 1230 2457 1295 Etenim
2486 1238 2513 1269 ²
2558 1250 2711 1294 cum

513 1335 617 1399 illi
647 1336 717 1398 in
744 1335 1032 1399 dicendo
1061 1334 1421 1398 inciderint
1459 1333 1596 1397 loci
1641 1333 1854 1418 (quod
1905 1354 2214 1417 persaepe
2245 1335 2497 1413 evenit)
2528 1343 2606 1397 ut
2635 1333 2714 1397 de

515 1436 674 1501 Diis
725 1436 1234 1512 immortalibuS,
1283 1435 1369 1499 de
1420 1436 1697 1518 pietate,
1739 1435 1824 1498 de
1856 1436 2245 1513 concordia,
2279 1437 2361 1500 de
2393 1437 2712 1510 amicitia,

519 1539 605 1604 de
660 1539 1001 1603 communi
1054 1537 1324 1617 civium,
1387 1539 1471 1602 de
1526 1539 1892 1617 hominum,
1942 1539 2026 1603 de
2072 1542 2371 1622 gentium
2404 1540 2583 1623 jure,
2630 1540 2711 1603 de

517 1641 862 1726 aequitate,
914 1642 1000 1706 de
1044 1643 1499 1725 temperantia,
1555 1642 1640 1706 de
1674 1642 2132 1724 magnitudine
2154 1644 2390 1721 animi,
2423 1644 2507 1708 de
2539 1644 2715 1708 omni

514 1737 782 1809 virtutis
840 1764 1075 1827 genere
1139 1745 1231 1808 sit
1288 1743 1671 1821 dicendum,
1729 1745 2143 1824 clamabunt,
2212 1746 2435 1823 credo,
2497 1745 2718 1809 omnia

420 1849 427 1854 '
515 1847 882 1928 gymnasia,
930 1853 1132 1931 atque
1180 1865 1417 1911 omnes
1461 1845 2016 1928 philosophorum
2064 1844 2339 1923 scholae,
2398 1867 2524 1911 sua
2573 1848 2717 1912 haec

519 1968 675 2012 esse
704 1951 929 2014 omnia
964 1949 1280 2032 propria3
1304 1956 1324 1995 ³
1371 1948 1538 2011 nibil
1580 1950 1848 2012 omnino
1878 1948 1965 2012 ad
2000 1957 2331 2013 oratorem
2363 1951 2720 2032 pertinere.

518 2051 625 2115 57.
673 2050 943 2130 Quibus
982 2039 1127 2133 ego,
1161 2059 1237 2115 ut
1269 2051 1353 2114 de
1378 2051 1484 2135 his
1516 2052 1715 2115 rebus
1744 2052 2100 2116 omnibus4
2142 2053 2211 2115 in
2231 2052 2530 2137 anguli&
2561 2070 2719 2116 con-

520 2154 824 2219 sumendi
849 2153 970 2217 otii
994 2136 1232 2231 causa,
1264 2153 1624 2229 disserant,
1657 2171 1813 2216 cum
1843 2173 2265 2232 concessero,
2285 2153 2463 2219 -illud
2495 2162 2722 2218 tamen

521 2258 776 2321 oratori
821 2256 1110 2320 tribuam
1161 2263 1231 2320 et
1275 2255 1477 2330 dabo,
1527 2264 1608 2318 ut
1655 2256 1910 2333 eadem,
1953 2255 2042 2321 de
2097 2258 2345 2340 quibus
2390 2258 2485 2321 illi
2533 2258 2721 2320 tenui

520 2358 809 2443 quodam
844 2360 1308 2443 exsanguique
1338 2379 1639 2422 sermone
1669 2359 2041 2442 disputant,
2059 2360 2167 2424 bic
2198 2379 2346 2424 cum
2378 2360 2554 2424 omni
2578 2380 2722 2441 gra-

521 2463 729 2527 vitate
759 2469 830 2526 et
846 2461 1276 2547 jucunditate
1307 2463 1658 2546 explicet.⁸
1744 2463 1926 2531 Haec
1957 2483 2081 2546 ego
2115 2483 2271 2528 cum
2302 2463 2475 2546 ipsis
2500 2469 2525 2512 ⁵
2573 2463 2721 2547 phi-

515 2565 824 2649 losophis
873 2574 1009 2628 tum
1056 2563 1349 2630 Athenis
1399 2564 1835 2629 disserebam.
1926 2564 2227 2648 Cogebat
2266 2566 2439 2629 enim
2471 2585 2578 2630 me
2610 2565 2713 2630 M.

522 2668 931 2732 Marcellus‘
972 2668 1079 2731 hic
1140 2675 1387 2744 noster,
1451 2669 1568 2751 qui
1626 2686 1806 2733 nunc
1865 2667 2086 2732 aedilis
2138 2668 2442 2732 curulis¹¹
2486 2675 2611 2740 est,
2658 2677 2724 2733 et

585 2834 610 2859 ⁹
641 2828 722 2876 De
743 2828 1005 2875 animorum
1026 2824 1296 2890 affectibus.
1861 2862 1869 2871 ,

583 2900 619 2924 ··
654 2893 735 2941 Sit
755 2894 1000 2955 proprium
1015 2895 1137 2939 artis
1160 2906 1275 2938 mea·
1297 2890 1542 2940 oratorioe.
1757 2899 1783 2923 ⁸
1817 2889 2152 2953 Philosophia*-

583 2965 610 2999 ν
644 2957 706 3005 In
727 2957 896 3020 quibus
915 2957 1080 3015 agitur
1104 2959 1161 3004 de
1182 2959 1421 3004 unovendis
1442 2954 1715 3021 affectibus.

588 3028 610 3054 ²
647 3021 848 3077 Quando
879 3021 964 3069 Ιιοσ
1004 3021 1290 3082 philosophis
1326 3022 1513 3079 dedero,
1546 3026 1599 3069 ut
1633 3023 1691 3069 de
1726 3022 1804 3069 his
1839 3021 1979 3070 rebus
1998 3019 2209 3070 omnibus
2239 3020 2468 3083 privatim
2491 3028 2537 3071 et
2563 3022 2725 3085 jejune

522 3085 764 3149 disputent
779 3101 801 3145 ,·
833 3086 916 3134 hoe
938 3086 1053 3133 dabo
1083 3086 1282 3147 oratori,
1305 3091 1358 3134 ut
1380 3088 1438 3134 de
1454 3085 1621 3134 iisdem
1645 3085 1783 3134 rebus
1799 3088 1957 3149 palam
1976 3091 2022 3136 et
2043 3087 2223 3151 copiose
2242 3087 2464 3135 disserat.

1441 3209 1802 3234 comme

589 3289 728 3339 CAr.
748 3302 880 3338 xm.
914 3292 937 3337 1
978 3287 1154 3337 Guelf.
1173 3292 1220 3337 1.
1243 3293 1293 3338 2.
1323 3290 1469 3339 Rom.
1491 3291 1793 3342 tiendum.
1814 3290 1959 3339 Crat.
1977 3288 2133 3339 Grnt.
2156 3291 2363 3339 Seiuitz.
2390 3290 2539 3338 Harl.
2560 3292 2729 3341 Oreli.

522 3356 646 3403 ortis
666 3370 800 3413 επακ
832 3355 940 3404 Erl.
961 3358 1008 3402 2.
1027 3355 1174 3405 Junt.
1200 3362 1256 3402 et
1282 3356 1455 3419 vuigg.
1476 3357 1600 3405 artis
1622 3357 1706 3404 isti
1720 3369 1853 3415 οπως
1889 3355 2062 3405 Oxou.
2078 3356 2148 3415 U,
2169 3356 2269 3403 arti
2293 3355 2378 3403 isti
2393 3372 2510 3414 suo,·
2546 3358 2658 3405 Eri.
2689 3363 2732 3406 1.

523 3419 651 3468 artis
667 3421 754 3468 isti
775 3434 857 3467 suo
877 3452 890 3467 .
959 3419 1106 3479 Mox,
1138 3423 1183 3467 et
1208 3420 1357 3467 deest
1391 3423 1442 3468 in
1472 3422 1558 3468 ed.
1595 3421 1896 3470 schum—2
1930 3421 2002 3468 At
2023 3421 2149 3469 enim
2168 3422 2312 3481 =conj.
2340 3422 2489 3468 Muli.
2559 3422 2730 3471 Penio

525 3494 662 3548 post,
677 3487 734 3533 de
766 3485 1002 3532 hominnm
1026 3492 1322 3544 suspectum
1356 3495 1435 3533 est
1464 3485 1825 3534 Lambino.—-3
1865 3484 2088 3534 Ita.Eri.
2111 3491 2156 3532 1.
2183 3490 2231 3534 2.
2256 3494 2311 3533 et
2334 3486 2455 3532 edd.
2477 3485 2588 3535 fere
2626 3504 2732 3535 om-

522 3564 615 3598 nes
639 3566 654 3610 3
677 3549 764 3597 sed
788 3550 944 3598 omnia
965 3550 1206 3596 omissum
1229 3560 1311 3598 est
1336 3551 1385 3598 in
1412 3549 1590 3599 Guelf.
1604 3556 1654 3601 2.
1679 3555 1728 3598 3.
1749 3549 1904 3612 idque
1925 3550 2117 3598 delevit
2139 3552 2347 3599 Schntz.
2396 3554 2554 3598 omnia
2570 3568 2591 3609 ,·
2622 3570 2734 3615 pro·

517 3619 625 3679 prie
656 3614 777 3663 nihil
814 3614 1094 3663 La'mb.—4
1129 3615 1239 3662 Eri.
1284 3619 1328 3663 1.
1369 3612 1547 3663 Guelf.
1587 3618 1634 3664 1.
1664 3620 1714 3664 2.
1749 3618 1806 3663 3.
1844 3616 1991 3663 Rom.
2038 3615 2177 3665 Kob.
2215 3618 2459 3664 omittunt
2501 3619 2734 3667 omnibns.

526 3681 676 3738 Mox,
697 3678 851 3728 Joan.
883 3679 1014 3726 Bod.
1052 3679 1198 3727 Harl.
1226 3684 1271 3727 l.
1308 3678 1490 3728 Guelf.
1527 3684 1577 3729 2.
1597 3684 1646 3728 3.
1683 3683 1911 3743 itemque
1940 3680 2120 3729 Lamb.
2154 3685 2209 3728 ut
2243 3696 2317 3740 ea,
2347 3683 2406 3729 de
2440 3680 2630 3742 quibus,
2653 3685 2735 3744 esc.

522 3745 753 3804 Deinde,
777 3744 908 3792 tenui
929 3745 1129 3806 quodam
1161 3749 1207 3792 et
1229 3746 1403 3804 exiguo
1427 3744 1601 3794 Oxou.
1632 3744 1694 3802 Z,
1728 3745 1837 3794 Eri.
1871 3749 1917 3793 1.
1942 3749 1991 3794 2.
2018 3746 2165 3794 Rom.
2199 3745 2339 3794 Kob.
2368 3744 2518 3794 Junt.
2558 3750 2733 3796 streb.

523 3816 559 3859 t.
583 3826 627 3872 q.
650 3811 912 3871 exiguoque
935 3808 1107 3858 Oxou.
1130 3810 1178 3858 U
1200 3811 1235 3864 β
1255 3824 1293 3868 ’γ
1318 3811 1345 3856 δ
1366 3815 1504 3856 ε.-5
1542 3810 1630 3859 Ita
1652 3822 1858 3875 quoque
1879 3810 2090 3859 Sebutz.
2146 3824 2251 3858 cum
2286 3811 2404 3874 ipsis
2428 3810 2655 3861 Wetzei.
2679 3821 2731 3862 et

1516 3941 1729 3990 NOTAE

587 4039 604 4062 ⁸
638 4028 965 4091 Aristotelem]
1014 4027 1115 4079 Qui
1156 4027 1222 4076 de
1260 4029 1583 4078 concitandis
1664 4032 1839 4079 vatiim
1882 4045 1912 4077 a
1958 4030 2169 4079 Caesare
2214 4037 2334 4092 post
2376 4029 2515 4078 bena
2557 4034 2730 4082 civilia

523 4106 677 4155 animi
714 4104 940 4153 motibus
972 4105 1184 4167 egregie
1219 4106 1428 4154 disserit
1465 4107 1499 4156 Ι.
1521 4119 1585 4156 11.
1664 4106 1954 4169 gratulatus
1981 4116 2058 4154 est
2083 4108 2269 4169 insigni
2297 4109 2550 4157 oratione.

525 4181 847 4234 Rhetorices.
1728 4189 1753 4216 ¹⁸
1785 4181 1963 4230 AEdilis
1984 4181 2185 4245 curulis]
2222 4181 2414 4229 AEdiies
2437 4183 2506 4232 ab
2530 4184 2738 4233 aedibns

589 4261 605 4294 ί
636 4260 711 4309 Μ.
735 4256 1017 4319 Marcellus]
1054 4258 1221 4309 Quem
1254 4258 1440 4309 Cicero
1469 4272 1578 4308 ser·
1663 4258 1821 4307 sacris
1844 4264 1897 4305 et
1924 4257 2138 4322 privatis
2175 4259 2519 4322 procurandis
2542 4276 2729 4311 nomen
