3020 4942
565 307 740 388 1122
1332 324 1414 371 M.
1461 325 1532 371 T.
1578 321 1985 371 cicnnoms

562 487 697 532 non
725 466 1067 532 infundere
1096 467 1162 531 in
1188 486 1376 532 aures
1418 472 1569 532 tuas
1614 470 2008 545 orationem,
2050 467 2166 533 sed
2209 468 2277 542 in
2323 467 2550 531 animo
2577 466 2751 542 vide-

564 579 758 652 antur
789 570 1202 635 inscribere?
1293 570 1537 654 ltaque
1564 571 1716 647 soli,
1743 571 1859 654 qui
1892 571 2215 634 memoria
2242 571 2490 653 vigent,
2524 571 2751 648 sciunt,

563 674 749 756 quid,
777 682 847 737 et
874 679 1227 757 quatenuS,
1269 679 1334 736 et
1375 672 1711 756 quomodo
1753 672 1997 736 dicturi
2041 673 2225 752 sint,³
2273 674 2437 757 quid
2484 693 2749 757 respon-

562 777 804 852 derint,
837 777 1000 859 quid
1033 777 1352 859 supersit:
1400 775 1730 858 iidemque
1770 774 1981 838 multa
2023 794 2117 838 ex
2161 775 2319 838 aliis
2369 777 2601 839 causis
2643 777 2751 839 ali-

561 877 832 962 quando
863 898 906 942 a
936 898 1009 941 se
1039 886 1213 957 acta,
1244 877 1455 941 multa
1487 879 1575 941 ab
1606 878 1757 940 aliis
1801 877 2031 942 audita
2070 878 2522 951 meminerunt.
2611 880 2751 943 356.

563 981 791 1059 Quare
834 979 1164 1044 confiteor
1205 979 1539 1062 equidem,
1570 979 1768 1063 hujus
1814 981 1993 1053 boni,
2034 988 2329 1044 naturam
2378 1001 2536 1046 esse
2584 983 2750 1065 prin-

558 1083 841 1166 cipem?
890 1084 1068 1146 sicut
1114 1102 1337 1147 earum
1383 1100 1624 1158 rerum,
1666 1083 1750 1146 de
1791 1084 2035 1166 quibus
2066 1093 2220 1148 ante
2261 1085 2534 1148 locutus
2588 1105 2748 1160 sum,

560 1188 900 1254 omnium:
950 1187 1072 1251 sed
1113 1186 1260 1250 haec
1291 1206 1400 1249 ars
1434 1193 1579 1251 tota
1609 1186 1933 1263 dicendi,4
1961 1188 2105 1251 sive
2132 1188 2295 1251 artis
2324 1190 2550 1270 imago
2575 1209 2747 1271 qnae·

558 1290 715 1357 dam
745 1295 852 1354 est
872 1300 899 1326 ³
943 1295 1011 1353 et
1058 1289 1451 1366 similitudo,
1497 1288 1690 1352 habet
1720 1289 1892 1353 hanc
1923 1290 2083 1365 vim,
2120 1309 2250 1354 non
2280 1300 2356 1354 ut
2387 1297 2610 1356 totum
2643 1292 2749 1356 ali-

511 1420 518 1427 ·
555 1392 745 1477 quid,
773 1392 964 1475 cujus
990 1392 1061 1454 in
1086 1392 1366 1474 ingeniis
1396 1393 1643 1456 nostris
1676 1412 1835 1475 pars
1876 1391 2061 1456 nulla
2082 1393 2193 1471 sit,
2222 1395 2479 1475 pariat5
2509 1401 2585 1457 et
2611 1414 2750 1477 pro-

558 1502 760 1572 creet,
790 1514 1018 1558 verum
1063 1499 1136 1558 ut
1165 1514 1268 1570 ea,
1299 1514 1454 1579 quae
1487 1503 1649 1558 sunt
1682 1501 1828 1559 orta
1860 1495 2009 1578 jam
2054 1496 2122 1558 in
2153 1495 2349 1559 nobis
2381 1503 2452 1558 et
2483 1516 2749 1579 procre-

555 1586 690 1684 ata,
719 1597 959 1661 educet
983 1606 1190 1685 atque
1216 1597 1580 1662 confirmet.
1667 1598 1818 1662 357.
1866 1597 2345 1662 Verumtamen
2377 1595 2602 1680 neque
2625 1605 2749 1670 tam

554 1700 701 1763 acri
724 1700 1044 1763 memoria
1075 1700 1207 1763 fere
1236 1700 1597 1784 quisquam
1624 1705 1748 1777 est,
1778 1707 1873 1778 ut,
1904 1717 2036 1778 non
2087 1699 2441 1782 dispositis
2472 1702 2751 1764 notatis«

554 1821 683 1885 que
712 1802 935 1879 rebuS,
961 1800 1259 1866 ordinem
1286 1804 1631 1866 verborum
1651 1809 1773 1866 aut
1796 1803 2263 1865 sententiarum
2283 1799 2311 1841 ⁶
2340 1802 2749 1884 complecta·

552 1913 745 1968 ειη-ε’
774 1923 993 1987 neque
1038 1923 1198 1968 vero
1233 1912 1370 1968 tam
1403 1904 1655 1981 hebeti,
1702 1911 1775 1969 ut
1815 1905 1978 1968 nihil
2017 1904 2148 1968 hac
2178 1905 2665 1969 consuetudine
2692 1912 2750 1969 et

554 2008 1048 2086 exercitatione
1102 2008 1469 2091 adjuvetur.
1557 2006 1756 2071 Vidit
1798 2009 1976 2070 enim
2029 2007 2156 2071 hoc
2204 2006 2576 2090 prudenter
2615 2011 2748 2073 sive

553 2107 962 2185 SimonideS,
1024 2110 1168 2185 sive
1224 2110 1394 2173 alius
1452 2110 1602 2193 quis
1626 2117 1651 2158 ⁷
1696 2110 1965 2185 invenit,
2022 2129 2105 2173 ea
2161 2110 2456 2174 maxime
2512 2111 2747 2173 animis

551 2210 806 2293 effingi*
837 2214 1108 2285 nostriS,
1138 2232 1290 2295 quae
1323 2218 1556 2277 essent
1577 2232 1621 2288 a
1649 2212 2126 2302 sentsutradita
2155 2218 2354 2295 atque
2375 2213 2746 2295 impressa?

547 2315 946 2378 acerrimum
979 2321 1203 2379 autem
1231 2334 1323 2378 ex
1346 2317 1655 2379 omnibus
1685 2315 1933 2379 nostris
1964 2316 2271 2379 sensibus
2302 2334 2452 2379 esse
2482 2335 2745 2379 sensum

550 2415 856 2483 videndi:
905 2432 1110 2501 quare
1138 2416 1458 2483 facillime
1488 2420 1713 2485 animo
1746 2420 1956 2501 teneri
1985 2437 2192 2503 posse
2225 2437 2332 2496 ea,
2363 2437 2525 2502 quae
2546 2418 2572 2456 ⁸
2603 2439 2743 2503 per·

549 2519 921 2601 ciperentur
951 2522 1226 2584 auribus
1260 2528 1376 2585 aut
1402 2522 1832 2603 cogitatione,
1866 2522 1926 2586 si
1953 2520 2159 2585 etiam
2190 2521 2537 2585 oculorum
2570 2542 2743 2586 com-

548 2621 979 2709 mendatione
1009 2624 1253 2687 animis
1286 2624 1743 2704 traderentur-3
1789 2629 1861 2687 ut
1890 2628 2267 2698 res'caecaS,
2298 2628 2363 2686 et
2394 2624 2482 2685 ab
2515 2642 2745 2706 aspec-

546 2730 660 2788 tus
700 2724 960 2807 judicio
1019 2734 1360 2800 remotaS,⁶
1405 2727 1843 2791 conformatio
1887 2725 2223 2809 quaedam,
2269 2731 2336 2788 et
2375 2726 2625 2808 imago,
2682 2734 2745 2789 et

546 2826 758 2909 figura
789 2829 887 2915 ita
917 2835 1206 2907 notaret,
1236 2835 1312 2893 ut
1339 2849 1420 2893 ea
1450 2849 1605 2912 quae
1639 2826 2001 2912 cogitando
2033 2828 2397 2911 complecti
2427 2846 2563 2892 non
2593 2849 2743 2913 pos-

614 3052 649 3075 ¹⁰
682 3043 1004 3107 Principium.
1284 3055 1310 3078 ²
1342 3045 1454 3096 Sive
1476 3046 1578 3095 haec
1598 3060 1680 3096 ors
1700 3052 1791 3102 est,
1813 3047 1913 3096 sive
1931 3046 2044 3110 quid
2064 3045 2164 3095 orti
2183 3044 2355 3095 simile.

544 3164 550 3171 ⁴
590 3116 644 3182 ‘³'-
673 3108 825 3182 meo
847 3109 958 3183 sere
994 3115 1074 3186 esto
1099 3111 1179 3173 qui
1210 3113 1372 3188 possit'
1394 3112 1553 3160 animo
1575 3116 1733 3188 tenere
1756 3112 1968 3188 ordinem
1989 3112 2345 3186 verborum-aut
2378 3110 2746 3172 sententiarum,

544 3185 644 3268 ”²⁸2²
663 3176 1098 3287 'i'fflssffm‘
1117 3182 1261 3272 ““2‘3
1283 3177 1660 3291 223’0‘2202255?
1673 3177 2286 3305 3353‘222‘32222225·

911 3272 925 3287 0
1636 3277 1652 3304 ‚
2270 3274 2285 3290 Ο

1457 3400 1819 3422 ”nueoeno

540 3513 790 3563 *videamur
820 3514 1023 3565 scribere
1055 3513 1232 3564 Guelf.
1255 3519 1405 3564 1.-3
1441 3514 1607 3578 Vulgo
1642 3523 1763 3564 ante
1798 3515 1986 3563 Pearc.
2015 3513 2198 3563 >dicturi
2227 3515 2337 3561 sunt
2353 3526 2374 3568 ,·
2419 3511 2576 3560 Norf.
2609 3511 2744 3563 Bod.

545 3574 661 3628 Bal.
683 3581 832 3643 Wag.
857 3581 1032 3629 Mead.
1060 3581 1206 3629 Harl.
1231 3584 1280 3628 1.
1299 3585 1350 3629 2.
1373 3582 1424 3631 N
1432 3595 1515 3627 ov.
1538 3582 1681 3644 Mag.
1704 3590 1757 3630 et
1778 3579 1934 3631 Joan.
1958 3593 2073 3628 cuni
2095 3579 2215 3628 edd.
2238 3577 2445 3626 Manut-
2465 3577 2655 3627 Lamb.
2689 3586 2744 3628 et

545 3653 767 3693 recentt.
799 3646 979 3694 dicturi
1011 3646 1128 3694 sint.
1196 3647 1443 3694 Actutum
1481 3647 1561 3694 cui
1595 3646 1924 3709 responderint
1953 3642 2131 3694 Guelf.
2159 3648 2202 3691 1.
2224 3650 2277 3690 et
2311 3643 2526 3691 Schutz.
2591 3644 2743 3704 Tum,

541 3710 693 3760 eidem
716 3726 819 3772 quoe
838 3713 986 3760 multa
1011 3711 1117 3759 Erl.
1140 3715 1286 3760 1.-4
1318 3712 1517 3759 Muret.
1552 3712 1694 3775 conj.
1722 3711 1950 3759 discendi.
2018 3710 2163 3771 Mox,
2183 3713 2230 3756 et
2250 3706 2518 3756 similitudo
2538 3714 2610 3756 eet
2635 3710 2744 3756 Eri.

539 3778 593 3822 ,1.
617 3784 670 3825 et
692 3776 965 3824 Lamb.—5
1001 3775 1179 3824 Guelf.
1200 3780 1248 3823 2.
1272 3775 1404 3835 cujus
1434 3776 1645 3837 ingeniis
1666 3777 1847 3825 nostris
1876 3789 1989 3838 pars
2018 3775 2149 3821 nullo
2177 3778 2375 3835 pareat,·
2405 3773 2516 3821 Erl.
2542 3778 2588 3821 1.
2610 3774 2746 3832 cnjus

543 3841 751 3899 ingeniis
771 3841 948 3888 nostris
974 3856 1090 3902 pars
1117 3843 1246 3889 nulla
1273 3840 1542 3902 parim—6
1576 3842 1681 3889 Erl.
1700 3845 1744 3890 l.
1770 3839 1947 3890 Guelf.
1975 3844 2018 3887 1.
2050 3845 2133 3887 aut
2166 3836 2404 3884 hominum
2437 3842 2525 3886 out
2555 3846 2744 3886 oenten-

542 3904 750 3963 tiarum,·
783 3906 928 3966 Mag.
954 3911 1000 3952 et
1021 3906 1359 3954 sententiarum
1376 3920 1397 3962 ,·
1430 3906 1617 3955 Venet-
1651 3916 1707 3955 et
1741 3906 1958 3953 Mediol.
1989 3908 2130 3966 atque
2161 3901 2522 3950 mutemini-um.
2592 3903 2742 3956 Mox,

543 3984 574 4015 o
607 3972 936 4019 consuetudine
977 3969 1157 4018 Guelf.
1192 3974 1336 4018 1.-7
1376 3969 1555 4019 Guelf.
1590 3975 1640 4020 2.
1674 3971 1785 4019 aliis
1818 3971 2050 4033 quisqam
2084 3976 2138 4016 et
2173 3968 2249 4015 sic
2289 3967 2427 4028 conj.
2459 3966 2743 4016 Benedict-

541 4032 690 4094 Mox,
710 4034 881 4082 animis
899 4036 1034 4099 affigi
1054 4037 1198 4084 Crat.
1223 4034 1399 4083 Lamb.
1426 4037 1609 4084 Pearc·
1633 4036 1843 4086 Schutz.
1866 4036 2039 4084 animis
2071 4032 2236 4098 affingi
2260 4032 2415 4079 codd.
2435 4031 2637 4094 aliquot
2659 4047 2740 4095 op.

544 4098 618 4146 Le
645 4100 814 4147 Clerc.
862 4102 1034 4148 animis
1065 4100 1227 4166 effingi
1261 4100 1413 4149 codd.
1447 4103 1697 4164 plerique,
1722 4099 1898 4149 Guelf.
1928 4105 1974 4148 1.
1999 4105 2047 4148 2.
2068 4102 2117 4145 3.
2150 4098 2259 4145 Erl.
2284 4098 2330 4144 1.
2352 4097 2505 4146 Junt.
2525 4098 2738 4145 Man.—

541 4166 574 4209 8
611 4163 715 4209 Erl.
742 4170 785 4211 l.
813 4179 947 4224 posse
968 4166 1012 4212 si
1035 4181 1089 4214 eu
1116 4181 1220 4228 (μιν.
1235 4180 1254 4221 ;
1289 4164 1466 4214 Guelf.
1486 4171 1534 4216 1.
1570 4168 1727 4215 tenere
1755 4180 1889 4228 posse
1905 4180 1925 4221 ;
1960 4161 2135 4213 Guelf.
2158 4166 2204 4208 1.
2225 4161 2268 4209 si
2288 4176 2363 4221 eo,
2388 4176 2496 4223 qua·
2526 4162 2736 4224 percipe·

539 4234 707 4275 rentur
729 4260 837 4277 ....
861 4229 1021 4278 etium.
1105 4231 1248 4292 Mox,
1290 4230 1398 4279 Erl.
1440 4235 1487 4282 l.
1530 4231 1819 4293 cogitatione
1859 4230 2004 4280 etiam
2044 4226 2437 4277 commendatione
2480 4227 2735 4327 oculatum.
