3020 4942
523 318 655 384 852
1289 336 1365 382 Μ.
1415 334 1481 382 τ.
1531 334 1939 384 cicssnoms

524 481 760 544 rimum
808 478 1067 545 defuit.
1115 478 1281 562 quid
1343 499 1603 558 censeS,
1655 480 1715 544 si
1763 481 1852 545 ad
1900 480 2186 565 alicujus
2233 480 2566 567 ingenium
2614 483 2712 546 vel

527 582 770 664 majuS,
796 583 938 657 illa,
971 601 1124 666 quae
1156 602 1277 664 ego
1308 603 1439 646 non
1474 584 1684 665 attigi,
1717 586 2163 650 accesserint?
2211 585 2477 704 qualem
2509 584 2710 660 illum,

528 692 594 746 et
627 692 943 767 quantum
977 693 1309 749 oratorem
1332 694 1378 724 ¹¹
1424 687 1774 750 futurum'l

617 802 844 849 xv111.
915 787 1024 851 80.
1068 787 1241 851 Tum
1293 784 1649 865 Antoniu8‚
1714 787 1980 853 Probas
2025 789 2211 868 mihi,
2260 789 2505 873 inquit,
2557 791 2715 868 ista,

529 886 798 965 Crasse,
830 908 983 973 quae
1024 888 1235 955 dicis:
1283 910 1409 954 nec
1453 890 1705 968 dubito,
1759 891 1920 975 quin
1963 892 2165 956 multo
2211 892 2619 975 locupletior·
2646 893 2719 956 in

526 990 808 1054 dicendo
830 990 1091 1055 futurus
1122 991 1236 1068 sit,
1269 992 1329 1055 si
1359 992 1512 1075 quis
1538 993 1826 1057 omnium
1855 1014 2073 1059 rerum
2104 1002 2304 1077 atque
2340 996 2582 1057 artium
2614 1014 2717 1058 ra-

523 1095 774 1159 tionem
821 1101 1254 1178 naturamque
1305 1094 1897 1176 comprehenderit.
1982 1097 2092 1163 81.
2140 1096 2277 1160 Sed
2317 1097 2612 1180 ,primum
2649 1096 2721 1161 id

523 1196 795 1262 difficile
827 1203 929 1261 est
956 1197 1185 1274 factu‚¹
1205 1199 1599 1280 ,praesertim
1631 1198 1699 1260 in
1730 1199 1860 1264 hac
1891 1206 2122 1263 nostra
2152 1199 2313 1275 vita,
2338 1201 2722 1283 nostrisque

523 1301 1080 1382 occupationibus
1109 1324 1125 1363 :
1170 1300 1411 1365 deinde
1440 1301 1608 1376 illud
1634 1302 1837 1366 etiam
1872 1301 2231 1366 verendum
2254 1309 2411 1379 est?
2453 1322 2535 1365 ne
2567 1304 2723 1367 abs-

524 1403 861 1467 trahamur
913 1405 998 1470 ab
1038 1403 1167 1466 hac
1221 1403 1729 1480 exercitatione,
1780 1408 1848 1468 et
1914 1404 2397 1468 consuetudine
2454 1404 2721 1468 dicendi

521 1505 858 1588 populari,
889 1511 957 1570 et
985 1504 1249 1569 forensi.
1341 1502 1549 1568 Aliud
1583 1506 1757 1590 enim
1777 1504 1932 1569 mihi
1961 1505 2293 1588 quoddam
2326 1525 2535 1587 genus
2567 1525 2718 1570 ora·

520 1606 726 1672 tionis
758 1623 903 1672 esse
929 1605 1186 1672 videtur
1217 1626 1447 1671 eorum
1480 1606 1875 1684 hominum‚¹‘
1918 1607 2017 1672 de.
2044 1609 2291 1692 quibus
2322 1608 2529 1691 paulo
2560 1615 2720 1672 ante

522 1709 782 1787 dixisti,
818 1709 1128 1793 quamvis
1154 1710 1251 1774 illi
1283 1713 1512 1775 ornate
1536 1716 1602 1774 et
1622 1710 1928 1793 graviter,
1959 1718 2077 1774 aut
2099 1709 2186 1788 de
2209 1720 2441 1775 natura
2471 1729 2719 1789 rerum,

522 1822 641 1877 aut
671 1813 756 1878 de
787 1813 1094 1878 humanis
1126 1814 1326 1877 rebus
1351 1814 1732 1897 loquantur.
1797 1811 2105 1878 Nitidum
2139 1813 2476 1897 quoddam
2510 1827 2719 1894 genus

521 1924 659 1979 est.
687 1918 1036 1981 verborum
1086 1923 1154 1980 et
1199 1916 1455 1989 laetum,
1508 1916 1629 1980 sed
1675 1917 2012 2000 palaestrae
2039 1926 2058 1964 ³
2120 1917 2336 1999 magis
2386 1924 2456 1979 et
2495 1915 2721 1991 olei,0‘

521 2038 721 2101 quam
748 2020 940 2104 hujus
970 2018 1190 2083 civilis
1217 2019 1429 2082 turbae
1456 2038 1538 2083 ac
1568 2017 1721 2083 fori.
1809 2021 1917 2085 82.
1952 2018 2268 2103 Namque
2286 2025 2570 2100 egomet,
2598 2019 2716 2106 qui

522 2141 695 2198 sem,
730 2141 812 2186 ac
847 2122 1079 2185 leviter
1109 2120 1410 2203 Graecas*
1436 2122 1667 2186 literas
1699 2122 2088 2204 attigissem,
2119 2127 2342 2185 tamen
2373 2140 2526 2184 cum
2560 2109 2717 2203 pro-

522 2223 896 2317 consulet¹³¹
942 2224 1011 2288 in
1070 2221 1433 2289 ciliciam*
1494 2224 1935 2309 proficiscens
1981 2223 2289 2291 Athenas
2325 2224 2715 2300 =venissem,

582 2406 610 2429 ²⁸
643 2399 1035 2462 Philosophorum
1055 2403 1100 2449 et
1124 2400 1577 2449 mathematicorum.

581 2471 606 2496 θ
642 2464 1018 2516 Exercitationis
1043 2464 1238 2534 ludicroe
1257 2470 1305 2515 et
1327 2466 1614 2518 umbratilis.

1427 2592 1758 2616 ‘uffemm
1763 2595 1789 2615 O

518 2675 656 2726 Kob.
680 2684 731 2725 et
752 2677 901 2729 Junt.
934 2679 1059 2727 stud.
1083 2677 1155 2727 ill.
1183 2677 1387 2728 dicendi.
1452 2679 1622 2729 Recte
1643 2682 1707 2728 st.
1730 2679 1802 2726 ill.
1819 2676 2031 2726 discendi
2069 2674 2119 2724 in
2157 2675 2427 2725 Erl.1.ac
2450 2674 2717 2741 plerisque

519 2743 690 2790 Palat.
712 2744 863 2792 codd.
888 2750 941 2792 et
962 2742 1081 2791 edd.
1103 2743 1268 2792 Gron.
1292 2743 1526 2806 aliisque.
1591 2743 1757 2793 Paulo
1783 2749 1917 2805 post,
1943 2743 1993 2791 in
2016 2742 2126 2790 Erl.
2153 2746 2198 2790 1.
2216 2744 2265 2788 2.
2287 2749 2341 2789 et
2368 2741 2417 2788 iu
2443 2741 2563 2790 cod.
2586 2757 2715 2806 quo·

508 2808 632 2868 ‚dam
663 2809 707 2855 si
735 2808 935 2870 alicujus
962 2808 1224 2870 ingenium,
1247 2810 1432 2857 omissa
1455 2809 1819 2871 praepositione
1840 2809 1923 2856 ad.
1988 2808 2090 2856 Sed
2125 2806 2353 2855 Gronov.
2380 2807 2487 2869 jam
2517 2807 2717 2864 docuit,

512 2874 818 2922 Ciceronem
845 2874 1033 2936 passim
1065 2874 1228 2922 solere
1261 2874 1348 2922 illa
1387 2874 1756 2936 praepositione
1784 2872 1892 2920 uti!
1926 2871 2074 2920 Harl.
2141 2873 2205 2919 ad
2227 2871 2409 2921 deest
2398 2887 2448 2919 in
2474 2870 2655 2920 Oxou.
2670 2873 2717 2922 U

517 2938 633 2999 Ζγ.
665 2938 819 2998 majus
852 2942 917 2988 sit
950 2939 1023 2987 cel
1063 2939 1237 2986 Oxou.
1258 2938 1452 2987 U.—-ll
1490 2937 1574 2986 Ita
1616 2939 1722 2987 Erl.
1742 2942 1788 2987 1.
1812 2942 1861 2988 2.
1904 2945 1957 2986 et
1994 2937 2166 3000 vulgg.
2189 2945 2308 2984 ante
2326 2937 2536 2986 Sclrutz.
2568 2938 2659 2999 qui
2683 2952 2713 2986 e

517 3003 671 3051 codd.
711 3001 888 3052 Guelf.
911 3007 960 3052 2.
983 3008 1030 3052 3.
1071 3003 1214 3052 Rom.
1250 3013 1301 3051 et
1345 3003 1480 3052 Kob.
1522 3004 1707 3052 ascivit
1746 3004 1923 3067 qualem
1956 3001 2091 3051 illum
2115 3006 2369 3063 oratorem,
2389 3006 2436 3048 et
2467 3008 2717 3063 quantum.

513 3067 664 3116 Illum
691 3068 857 3117 secuti
879 3074 998 3116 suunt
1020 3067 1169 3116 Harl.
1194 3076 1246 3116 et
1273 3067 1437 3115 Orell.

582 3133 722 3182 cxp-
746 3146 912 3182 xvm.
977 3136 1003 3180 1
1041 3133 1184 3181 Unus
1204 3147 1288 3195 ap.
1317 3133 1483 3182 Orell.
1500 3133 1647 3192 sactu
1678 3133 1765 3182 est.
1768 3136 1865 3181 -2
1898 3131 2109 3180 Schutz·
2131 3129 2443 3178 auctoritate
2466 3129 2648 3180 Guelf.
2672 3135 2717 3180 1.

515 3198 768 3259 expunxit
790 3204 878 3247 est.
945 3195 1090 3253 Mox,
1114 3213 1173 3246 ne
1193 3199 1501 3248 extrahamur
1534 3212 1596 3247 ex
1616 3199 1721 3254 hac,
1743 3199 1823 3258 ἔμ’.
1847 3196 1996 3244 Rom.
2059 3209 2119 3244 ne
2152 3194 2481 3244 abstrahamur
2510 3211 2574 3244 ex
2610 3196 2718 3258 huc,

513 3265 594 3324 εἷο.
627 3261 766 3310 Kob.
771 3267 862 3310 -3
895 3262 1050 3312 Joan.
1075 3262 1227 3312 Norf.
1249 3263 1396 3328 Mag.
1420 3263 1574 3312 Harl.
1597 3267 1643 3311 l.
1661 3267 1709 3311 2.
1734 3262 1843 3311 Erl.
1860 3266 1907 3310 1.
1930 3264 1978 3308 2.
1999 3268 2053 3309 et
2074 3260 2245 3309 Oxou.
2268 3260 2332 3319 Z,
2373 3265 2422 3308 et
2453 3264 2716 3322 palaestrae.

515 3327 579 3376 In
606 3328 789 3377 Dresd.
825 3326 1134 3377 observante
1171 3328 1321 3376 ΜιιΙΙ.
1361 3335 1443 3378 est
1476 3330 1698 3391 palestrae
1732 3327 1888 3388 magis
1916 3331 1964 3374 et
1988 3325 2107 3382 otii5
2143 3324 2271 3373 sed
2259 3339 2308 3372 m
2341 3339 2501 3387 marg.
2533 3328 2714 3375 olei.—

487 3395 545 3439 ·4
582 3393 690 3441 Erl.
714 3398 758 3442 1.
779 3397 827 3442 2.
866 3392 1016 3441 Rom.
1040 3393 1179 3442 Kob.
1203 3394 1346 3443 Crat.
1367 3393 1518 3445 Junt.
1548 3393 1818 3456 proconsul.
1877 3391 2032 3451 Mox,
2047 3391 2238 3439 Tosani
2278 3389 2428 3450 liber,
2451 3398 2510 3439 ut
2535 3390 2716 3440 Oxou·

516 3456 583 3520 U,
601 3462 795 3521 propter
815 3473 923 3507 nav.
942 3457 1246 3520 fucultatem,
1260 3460 1399 3524 quod
1427 3473 1528 3508 non
1548 3457 1738 3507 debere
1757 3457 2089 3506 temerarium
2111 3455 2296 3519 videri,
2315 3455 2473 3504 sentit
2496 3455 2717 3506 Gruter.

1501 3585 1718 3637 NOTAE

578 3688 594 3720 θ
625 3688 876 3736 Paloestrae
909 3686 1064 3748 magis
1096 3690 1146 3735 et
1188 3685 1302 3749 olei]
1339 3685 1570 3734 Athletae
1652 3685 1829 3734 Romae
1887 3681 2209 3733 consulatum
2256 3679 2606 3730 mittebantur
2660 3682 2714 3733 in

512 3771 568 3814 et
618 3764 839 3826 pugiles,
885 3762 973 3826 qui
1019 3777 1205 3825 corpus
1251 3763 1570 3812 exercebant
1651 3759 1964 3825 provincias,
2003 3765 2059 3807 ut
2092 3756 2233 3806 iniis
2259 3756 2349 3819 jus
2373 3755 2629 3815 dicerent,
2658 3766 2716 3809 et

511 3843 774 3906 palaestra,
799 3839 1036 3888 solebant
1063 3839 1176 3887 oleo
1199 3853 1386 3902 corpus
1420 3838 1567 3886 inun·
1650 3853 1738 3890 eas
1783 3838 2160 3902 gubernarent3
2206 3841 2420 3897 tumque
2458 3848 2553 3896 pro
2589 3850 2712 3885 con.

512 3933 656 3982 gere,
681 3927 789 3966 tum
812 3916 876 3964 ad
899 3916 1161 3980 'augendas
1185 3915 1476 3975 virentum
1512 3920 1570 3963 ut
1649 3916 1779 3972 sule,
1805 3915 1888 3963 vel
1927 3909 2202 3976 proconsul
2235 3908 2506 3958 dicebatur
2527 3911 2713 3978 aliquis

511 3996 644 4045 cutis
668 3994 869 4043 lubrica
894 4001 948 4042 et
981 3994 1095 4041 oleo
1117 3992 1362 4047 delibuta,
1387 4006 1567 4041 manus
1649 3993 1706 4050 in
1727 3990 2042 4055 provinciam
2068 3984 2355 4049 proficisci:
2395 3997 2710 4049 propraetor,

511 4072 771 4136 captantis
814 4060 1095 4120 aduersarii
1137 4067 1343 4118 facilius
1390 4069 1566 4118 elude·
1651 4070 1731 4117 vel
1773 4080 1867 4130 pro
1906 4073 2149 4129 praetore‚
2182 4061 2227 4110 si
2261 4070 2492 4125 praetura
2527 4063 2707 4114 Romae

490 4158 614 4198 ·ret.
1267 4160 1272 4165 ·
1649 4143 1950 4209 perfunctus
1982 4141 2032 4189 in
2068 4140 2385 4204 provinciam
2408 4138 2530 4191 inei.
2599 4141 2710 4190 Ali-

577 4233 600 4258 ὓ
618 4223 943 4304 §Procrin-sule]
981 4220 1200 4273 Romani
1224 4227 1342 4286 post
1361 4229 1566 4286 gestum
1646 4220 1854 4287 quando
1873 4227 2045 4269 tamen
2065 4218 2221 4267 etiam
2243 4216 2329 4280 qui
2346 4219 2585 4267 consules
2606 4234 2707 4269 non
2777 4224 2789 4237 ⁸
