3020 4942
2322 351 2491 419 1081

306 517 513 583 cienti
541 515 820 579 lustrum
841 510 1007 577 illud
1032 510 1291 588 infelix,
1324 510 1428 577 ‘N
1432 509 1572 589 oli,’
1600 512 1838 595 iuquit,
1871 514 1893 547 ‘
1915 511 2173 578 mirari:
2203 513 2264 577 is
2290 515 2491 593 enim,

308 620 430 704 qui
481 625 559 683 te
593 636 684 682 ex
730 615 983 681 aerariis
1030 615 1330 692 exemit,¹⁸
1373 615 1653 693 lustrum
1697 614 2021 691 condidit,
2056 622 2124 681 et
2168 622 2423 680 taurum
2444 616 2498 658 ¹⁶

305 717 725 787 immolavit!
806 718 1025 783 Tanta
1049 726 1100 768 ¹⁷
1143 717 1448 801 suspicio
1491 723 1650 794 est,''
1694 723 1769 784 ut
1805 718 2119 800 religione
2155 719 2494 786 civitatem

307 823 747 889 obstrinxisse
792 822 1093 887 videatur
1140 819 1530 899 Mummius»,
1568 821 1750 906 quod
1794 821 2097 887 Asellum
2138 822 2497 906 ignominia

304 926 572 992 levarit.

398 1043 648 1092 uxvn.
689 1025 839 1091 269.
885 1023 1164 1090 Urbana
1213 1026 1415 1090 etiam
1460 1025 1909 1091 dissimulatio
1953 1027 2096 1105 est}
2146 1045 2303 1092 cum
2358 1027 2497 1094 alia

307 1128 636 1203 dicuntur,
678 1148 762 1194 ac
807 1127 1124 1202 seutiaS,w
1167 1145 1301 1206 non
1343 1127 1460 1192 illo
1505 1147 1767 1210 genere,
1814 1128 1899 1194 de
1946 1149 2079 1212 quo
2124 1136 2276 1194 ante
2324 1129 2492 1205 dixi,

306 1251 459 1297 cum
489 1232 822 1296 contraria
850 1230 1064 1305 dicas,
1094 1236 1168 1295 ut
1195 1230 1450 1295 Lamiae
1484 1231 1828 1310 Crassus,²¹
1869 1232 1990 1296 sed
2020 1252 2171 1297 cum
2203 1240 2351 1296 toto
2383 1252 2493 1314 ge·

306 1353 466 1399 nere
496 1334 815 1399 orationis
843 1352 1076 1398 severe
1099 1333 1347 1411 ludas?
1387 1354 1543 1399 cum
1574 1335 1762 1400 aliter
1784 1344 1803 1374 ¹
1853 1335 2126 1412 seutiaS,
2158 1355 2240 1400 ac
2263 1336 2495 1420 loqua-

308 1455 422 1501 re:
470 1437 578 1519 [p.
618 1436 796 1518 134]
838 1443 917 1501 ut
957 1440 1183 1501 noster
1223 1435 1539 1501 Scaevola
1592 1436 2091 1521 Septumuleio²
2133 1437 2236 1503 illi
2265 1436 2499 1519 Anag-

304 1539 522 1617 nino,y
563 1540 670 1603 cui
713 1558 837 1621 pro
879 1537 963 1603 C.
1005 1536 1298 1614 Gracchi
1348 1539 1567 1622 capite
1617 1547 1760 1603 erat
1811 1559 2037 1604 aurum
2087 1549 2495 1624 repensum:

305 1640 587 1723 roganti,
610 1649 686 1705 ut
717 1660 790 1705 se
810 1642 877 1705 in
895 1640 1133 1705 Asiam
1155 1636 1546 1724 praefectum
1579 1639 1873 1718 duceret,
1920 1646 1939 1679 ‘
1961 1641 2145 1720 Quid
2171 1642 2293 1706 tibi
2317 1640 2496 1719 vis,’⁰

294 1742 546 1840 inquit,
592 1744 919 1809 ‘insane'i
967 1747 1152 1807 tanta
1193 1744 1513 1808 malorum
1559 1749 1666 1808 est
1710 1744 2067 1808 multitudo
2108 1745 2378 1822 civium,
2417 1751 2498 1808 ut

309 1845 440 1912 tibi
469 1866 596 1929 ego
621 1848 745 1911 hoc
770 1854 791 1894 ³
837 1847 1241 1920 confirmem,
1273 1847 1333 1910 si
1365 1847 1611 1912 Romae
1636 1846 1987 1931 manseriS,
2020 1853 2085 1911 te
2113 1847 2350 1930 paucis
2379 1866 2493 1910 an-

308 1948 417 2013 nis
467 1949 554 2013 ad
606 1950 941 2014 maximas
1000 1952 1323 2032 pecunias
1369 1970 1521 2018 esse
1572 1957 1937 2015 venturum.
2039 1947 2320 2013 270.1n
2362 1948 2495 2014 boc

309 2069 549 2133 genere
602 2051 942 2174 Fannius⁸
985 2051 1052 2115 in
1095 2053 1448 2118 annalibus
1486 2052 1629 2117 suis
1661 2052 2044 2117 Africanum
2078 2052 2254 2117 huuc
2285 2050 2494 2115 AEmi-

1006 367 1105 415 ns
1149 365 1524 424 onnon,
1575 367 1660 416 11.
1699 351 1809 418 67.

375 2224 393 2255 ⁸
429 2223 610 2273 Faceta
630 2230 701 2273 est
722 2224 894 2273 ironia.

374 2294 403 2319 ⁸
436 2289 550 2337 Noa
581 2304 689 2339 cum
721 2289 911 2338 verbum
940 2290 1083 2339 alten·
1115 2291 1251 2341 verbo
1283 2306 1501 2355 opponas,
1529 2309 1576 2342 v.
1594 2309 1649 2355 g.
1685 2292 1729 2342 εἰ
1761 2292 2042 2355 pulchellum
2074 2292 2278 2354 appelles
2310 2290 2391 2353 qui
2415 2291 2498 2339 de·

300 2350 481 2466 [Ἥ
503 2359 592 2409 est,
624 2359 680 2402 ut
705 2356 906 2403 Crassus
928 2355 1181 2415 Lumiam;
1213 2358 1296 2405 sed
1327 2373 1432 2405 cum
1452 2358 1612 2421 aliqua
1635 2363 1735 2407 totu
1756 2358 1993 2408 sententia
2014 2361 2061 2407 et
2096 2357 2250 2406 oratio
2268 2357 2320 2405 in
2342 2358 2497 2404 ironia

311 2430 396 2467 ver
472 2433 546 2468 ur.

373 2484 525 2532 ’Cui
545 2485 660 2533 data
680 2489 784 2533 erat
801 2484 999 2546 pecunia
1020 2486 1077 2534 ob
1098 2486 1399 2546 intersectum
1423 2486 1711 2539 Gracchum.

374 2554 411 2580 ¹·
440 2548 633 2600 Adeone
655 2550 778 2600 lucri
798 2551 1048 2612 negligens
1069 2567 1138 2612 es,
1159 2554 1242 2614 ᾄσ.

1213 2677 1545 2712 κθςθθθθθθθ
1550 2680 1579 2700 0

311 2774 481 2826 Wald.
500 2782 553 2825 et
577 2775 758 2825 Lamb.
773 2778 896 2837 quod
918 2776 1073 2834 πιιἸιίς
1107 2776 1259 2829 Junt.
1284 2780 1431 2829 Crat.
1454 2779 1602 2828 Man.
1628 2778 1782 2828 Grut.
1805 2792 1895 2840 quo
1915 2777 2050 2825 mihi.
2051 2780 2182 2825 —16
2217 2734 2344 2823 Cod.
2366 2778 2422 2837 ψ,
2453 2781 2502 2825 et

308 2856 479 2891 eurum
483 2843 628 2889 .-—-17
661 2840 746 2890 Ita
763 2856 939 2889 omnes
961 2842 1114 2891 codd.
1140 2852 1191 2892 et
1216 2843 1337 2893 edd.
1358 2851 1487 2895 vett.
1526 2845 1691 2894 Tacita
1724 2858 1753 2892 e
1778 2843 2081 2905 conjectura
2103 2839 2330 2889 Schutzii
2351 2839 2501 2890 dedit

254 2951 269 2973 ,
313 2906 483 2957 Orell.
553 2905 687 2954 Hoec
711 2908 880 2956 omnia
904 2907 1092 2956 Tanta.
1140 2910 1349 2958 decerit
1372 2920 1616 2973 suspecte
1637 2915 1791 2958 erant
1814 2906 2085 2957 Ernestio·
2120 2905 2297 2954 haurit
2314 2907 2366 2966 ψ.

379 2972 517 3022 Cu».
548 2983 724 3023 uvir.
792 2976 817 3021 1
857 2971 986 3022 Cod.
1027 2975 1081 3036 ψ.
1127 2974 1443 3025 alteriue-2
1477 2974 1781 3039 Septimuleio
1818 2972 2001 3022 Lamb·
2055 2970 2343 3035 Septamelio
2381 2973 2502 3032 ψ.-

1300 3100 1516 3153 NOTAE

378 3194 402 3220 ¹¹
436 3187 727 3237 Eaeaereriis
745 3188 945 3251 excutit]
979 3190 1127 3240 Inter
1159 3192 1366 3242 aerurios

311 3262 499 3316 referri
521 3265 811 3325 dicebatur,
827 3267 914 3329 qui
926 3266 1049 3330 ,iure
1065 3266 1295 3332 suffragii
1310 3276 1367 3319 et

310 3341 444 3390 civis
468 3340 688 3391 Romani
713 3341 942 3405 privatus
964 3341 1286 3394 referebatur
1314 3347 1365 3394 iu

310 3416 539 3480 tabules,
557 3425 617 3467 ut
648 3432 753 3466 aere
786 3417 969 3468 tributi
1003 3420 1207 3469 nomine
1243 3435 1367 3484 pen-

311 3494 482 3544 deret.
553 3496 569 3524 ‘
593 3497 673 3545 Ex
695 3495 888 3545 orariis
911 3496 1103 3558 eximi,’
1124 3498 1209 3562 qui
1238 3499 1367 3563 pris·

311 3570 478 3620 tinum
502 3571 553 3619 in
575 3571 790 3634 gradum
814 3573 1172 3624 revocabatur.

375 3653 400 3680 v
437 3647 593 3696 Tanta
612 3648 927 3712 mquidem]
959 3649 1093 3699 Haec
1109 3651 1369 3714 Scipionis

311 3724 476 3773 verba
502 3725 844 3787 suspicionem
875 3732 1102 3783 movent,
1128 3736 1188 3778 ut
1220 3728 1367 3792 pu'te⁶

310 3806 400 3849 tur
442 3799 724 3850 Mummius
763 3801 1115 3851 sanctissimas
1152 3803 1369 3854 violasse

312 3876 604 3939 religiones,
625 3884 681 3926 et
716 3878 1018 3940 gravissimo
1048 3879 1263 3930 crimine
1295 3882 1368 3930 ei·

313 3954 531 4004 vitutem
570 3952 821 4017 obligasse
861 3954 1184 4006 restituendo
1219 3955 1368 4007 Asel-

312 4030 417 4078 lum
456 4029 508 4080 iu
547 4029 814 4093 pristinam
847 4030 1172 4095 dignitatem,
1208 4047 1240 4082 a
1271 4048 1372 4099 qua

311 4105 554 4168 dejectus
577 4104 753 4159 fuerat
775 4121 806 4155 a
825 4118 1059 4157 censore.

380 4189 415 4215 ¹·
453 4183 574 4231 Cum
589 4182 689 4232 alie
705 4182 944 4240 dicuntur,
960 4185 1234 4252 occulius]
1268 4188 1369 4243 cn-

306 4258 539 4322 jusmodi
583 4259 830 4325 est-illud
875 4259 1182 4313 Ciceronis:
1241 4263 1370 4315 Cum

1447 3192 1626 3242 Caesar
1659 3192 1826 3255 legem
1860 3189 2064 3241 tulisset
2094 3187 2161 3239 de
2195 3201 2321 3251 egro
2353 3186 2503 3235 Cem-

1446 3283 1583 3332 pano
1620 3268 1868 3319 militibus
1900 3265 2200 3329 dividendo,
2236 3269 2294 3313 et
2330 3264 2503 3313 multis

1446 3361 1510 3395 ea
1531 3360 1613 3395 res
1635 3346 1903 3409 displicuit
1925 3346 1976 3395 in
1999 3352 2205 3404 senatu,
2228 3350 2282 3391 et
2307 3341 2502 3391 Lect-

1446 3422 1562 3483 lius,
1587 3424 1857 3472 edmodum
1876 3436 2055 3482 senex,
2072 3420 2281 3483 negavit
2303 3419 2404 3467 hoc
2422 3416 2502 3465 fu·

1447 3507 1617 3549 turum
1654 3514 1711 3549 se
1746 3498 1954 3565 quidem
1987 3499 2105 3548 vivo
2118 3516 2134 3559 ;
2173 3495 2258 3545 bic
2291 3494 2503 3555 Cicero,

1446 3573 1853 3640 ‘expectemus,'
1894 3575 2078 3637 inquit.
2117 3573 2134 3603 ‘
2158 3587 2262 3621 non
2297 3572 2502 3633 longam

1447 3653 1584 3702 diem
1608 3652 1834 3716 postulet
1859 3648 2094 3701 Gellius?
2162 3647 2430 3698 Plutarch.
2449 3645 2502 3695 in

1449 3729 1563 3779 Cic.

1510 3813 1539 3840 ¹
1580 3803 1763 3854 Lamia
1802 3802 2026 3866 Crassus]
2080 3800 2307 3851 Consule
2351 3799 2503 3861 paulo

1449 3882 1685 3944 superius
1707 3882 1735 3944 ξ
1758 3883 1874 3930 262.

1514 3965 1536 4000 5
1567 3956 1850 4021 Anagnino]
1886 3953 2124 4018 Anagnia
2151 3952 2273 4003 urbs
2291 3952 2504 4002 illustris

1449 4032 1500 4084 in
1526 4034 1707 4084 Latio:
1742 4046 1881 4083 nunc
1904 4031 2130 4094 Ariagne.

1513 4116 1535 4144 ⁸
1562 4110 1803 4174 Fannius]
1828 4108 2118 4158 Historicus
2134 4106 2372 4172 idemque
2390 4118 2505 4156 ore·

1450 4193 1554 4250 tor,
1573 4184 1640 4237 de
1661 4201 1765 4252 quo
1786 4187 1840 4236 in
1863 4186 2050 4236 Bruto.

2546 684 2582 703 Π
