3020 4942
535 352 709 419 1200
1302 366 1382 414 Μ.
1427 366 1499 415 τ.
1547 365 1950 415 monemus

527 512 924 599 junctisque
951 516 1235 578 constat.
1322 511 1501 593 Ergo
1531 514 1792 575 utemur
1809 513 1832 555 ⁵
1859 509 2081 575 verbis
2111 514 2224 575 aut
2256 509 2367 588 iis„
2394 530 2552 594 qnae
2581 528 2729 595 pro-

537 618 690 701 pria
735 624 917 693 sunt,
945 622 1010 680 et
1052 621 1233 680 certa
1260 613 1460 699 quasi
1494 611 1833 678 vocabula
1872 631 2115 687 rerum,
2162 631 2356 696 paene
2400 632 2534 678 una
2576 622 2732 678 nata

539 740 695 786 cum
752 720 952 784 rebus
1010 719 1225 802 ipsis;
1289 724 1409 782 aut
1461 716 1572 794 iis»,
1625 734 1777 798 quae
1835 715 2347 794 transferuntur,
2409 721 2481 780 et
2533 715 2732 801 quasi

539 822 761 889 alieno
804 823 876 887 in
917 822 1071 886 loco
1116 820 1565 899 collocantur;
1610 825 1728 884 aut
1770 818 1876 896 iia,
1905 838 2059 901 quae
2088 837 2438 890 novamus,
2470 826 2542 882 et
2569 820 2733 886 faci-

536 923 737 990 mus⁶
779 923 933 1008 ipsi.
1020 925 1171 988 150.
1216 922 1299 987 In
1349 922 1645 1007 propriis
1689 927 1792 985 est
1848 922 2046 1003 igitur
2092 922 2316 986 verbis
2366 921 2486 986 illa
2533 922 2730 986 laus⁷

540 1028 847 1105 oratoria,
892 1033 968 1093 ut
1009 1025 1310 1111 abjecta‘
1358 1032 1566 1108 atque
1610 1024 1969 1088 obsoleta¹¹
2010 1024 2243 1106 fugiat,
2287 1025 2483 1089 lectis
2527 1033 2733 1109 atque

535 1128 909 1194 illustribus
937 1136 1180 1204 utatur,
1211 1129 1280 1193 in
1311 1127 1552 1211 quibus
1597 1126 1862 1209 plenum
1891 1125 2210 1210 quiddam
2242 1132 2312 1190 et
2355 1144 2611 1192 sonans
2638 1130 2732 1192 in·

536 1251 694 1296 esse
739 1231 1065 1296 videatur.
1152 1230 1289 1296 Sed
1339 1231 1410 1294 in
1457 1230 1584 1293 boo
1631 1229 1981 1292 verborum
2032 1248 2266 1311 genere
2305 1231 2732 1313 propriorum

536 1322 840 1399 delectus
887 1339 989 1398 est
1031 1332 1305 1415 quidam
1356 1329 1754 1406 habendus,⁸
1797 1335 1998 1414 atque
2039 1332 2099 1394 is
2147 1333 2404 1396 aurium
2444 1332 2730 1414 quodam

502 1451 525 1473 “
529 1435 789 1519 judicio
836 1434 1347 1518 ponderandus:
1394 1435 1464 1498 in
1513 1452 1651 1517 quo
1703 1432 2117 1497 consuetudo
2165 1434 2367 1499 etiam
2419 1436 2599 1499 bene
2638 1434 2731 1500 lo-

537 1538 791 1622 quendi
829 1536 1010 1602 valet
1051 1538 1426 1623 plurimum.
1517 1533 1667 1600 151.
1712 1534 1940 1600 Etiam
1984 1534 2171 1614 hoc,⁹
2198 1536 2382 1620 quod
2411 1537 2624 1620 vulgo
2641 1536 2733 1602 de

539 1640 919 1705 oratoribus
970 1640 1059 1705 ab
1094 1639 1424 1724 imperitis
1467 1638 1605 1703 dici
1649 1637 1846 1714 solet,
1879 1642 1898 1672 ‘
1921 1637 2135 1703 Bonis
2179 1640 2241 1703 is
2285 1639 2555 1718 verbis:
2597 1646 2734 1733 aut,

539 1746 563 1776 ‘
582 1742 829 1827 aliquis
857 1761 991 1807 non
1021 1743 1216 1807 bonis
1247 1739 1497 1827 utitur‚’
1530 1760 1661 1807 non
1691 1746 1830 1805 arte
1862 1741 2093 1825 aliqua
2129 1742 2587 1826 perpenditur,
2618 1744 2735 1809 sed

538 1844 833 1929 quodam
863 1846 1064 1929 quasi
1095 1843 1382 1909 naturali
1410 1863 1610 1908 sensu
1638 1842 2024 1928 judicatur:
2068 1845 2135 1909 in
2165 1863 2302 1928 quo
2333 1865 2469 1909 non
2495 1865 2737 1929 magna

536 1947 693 2012 laus
721 1955 847 2025 est,
874 1950 1087 2014 vitare
1118 1947 1432 2025 vitium‚¹0
1457 1946 1867 2031 (quanquam
1895 1944 1963 2009 id
1995 1956 2096 2012 est
2122 1934 2489 2030 magnum,)
2511 1968 2738 2030 verum

538 2048 673 2113 hoc
698 2052 897 2134 quasi
934 2050 1151 2115 solum
1181 2049 1520 2132 quoddam
1553 2055 1754 2133 atque
1781 2048 2323 2115 fundamentnm‘
2352 2061 2477 2122 est,
2507 2053 2740 2117 verbo-

538 2169 685 2216 rum
719 2171 884 2217 usus
922 2158 991 2217 et
1033 2151 1234 2235 copia
1276 2152 1622 2231 bonorum.
1709 2152 1869 2217 152.
1907 2151 2050 2217 Sed
2071 2152 2235 2237 quid
2262 2154 2413 2238 ipse
2447 2154 2742 2220 aedificet

604 2360 626 2388 ⁶
653 2351 801 2403 Sedes
819 2353 1247 2413 “samonium
1264 2353 1558 2405 elocutionis.

1455 2490 1830 2514 mulum·

538 2589 750 2642 mantis
767 2588 1030 2653 conjunctis
1047 2594 1233 2640 constat
1264 2589 1318 2640 in
1356 2590 1539 2640 eodem
1564 2590 1857 2642 cadica—5
1893 2591 2031 2654 Ergo
2048 2591 2231 2643 utimur
2249 2589 2428 2642 Guelf.
2453 2595 2610 2643 l.-—6·
2635 2592 2743 2642 Er'l‘.

541 2656 950 2715 l.saciamas.-7
986 2656 1048 2705 In
1074 2656 1285 2720 propriis
1316 2656 1473 2718 igitar
1503 2662 1576 2706 est
1606 2656 1695 2707 illa
1723 2659 1845 2714 laus,
1867 2658 2054 2706 omisso
2086 2654 2454 2719 verbis‚Guelf.
2474 2661 2527 2707 1.
2593 2659 2743 2721 Mox,

540 2725 598 2769 at
618 2736 665 2769 a.
685 2726 770 2769 aut
788 2719 992 2770 obsoleta
1014 2722 1065 2768 in
1101 2721 1282 2770 eodem
1301 2736 1317 2781 3
1340 2729 1397 2770 et
1418 2722 1574 2784 paulo
1600 2731 1738 2786 post,
1758 2724 1945 2786 plenam
1965 2723 2198 2785 quoddam
2217 2736 2477 2771 consonans
2496 2737 2616 2772 este.
2683 2723 2745 2773 In

543 2785 722 2835 Guelf.
738 2788 787 2834 3.
810 2786 1001 2849 legitur
1022 2785 1181 2835 etiam
1201 2787 1549 2850 quoddam—8
1587 2787 1813 2837 Verbum
1836 2786 2076 2837 habendas
2097 2787 2249 2837 deest
2269 2788 2322 2836 in
2340 2788 2455 2837 Eri.
2477 2791 2529 2837 1.
2596 2789 2743 2844 Mox,

538 2851 869 2914 ponderandus
894 2856 968 2900 est
995 2849 1175 2900 Guelf.
1199 2855 1345 2901 1.—9
1378 2854 1536 2914 Atque
1566 2852 1653 2901 hoc
1675 2853 1784 2918 1211.
1810 2858 1858 2901 l.
1892 2850 2150 2916 probante
2173 2852 2382 2903 Harles.
2453 2853 2628 2916 Itaque
2661 2853 2746 2902 11oe
2823 2853 2826 2856 ’

541 2914 719 2974 Guelf.
742 2920 790 2964 1.
856 2916 1006 2977 Mox,
1024 2918 1167 2977 vulgo
1190 2915 1340 2966 deest
1362 2916 1415 2966 in
1440 2915 1619 2967 Guelf.
1642 2921 1692 2966 2.
1737 2918 1798 2967 ab
1828 2918 2064 2981 imperitis
2099 2918 2244 2967 uncis
2285 2918 2501 2970 inclusit
2532 2917 2745 2967 Schutz.

540 2979 689 3044 Tum,
721 2979 879 3029 Bonis
909 2980 986 3029 Itis
1023 2995 1152 3030 unus
1179 2980 1354 3030 Oxou.
1400 2981 1571 3031 Bonas
1601 2983 1682 3031 hio
1704 2982 1814 3032 Erl.
1840 2986 1889 3032 1.
1912 2978 2092 3032 Guelf.
2117 2987 2300 3032 1.-10
2332 2983 2444 3032 Eri.
2469 2986 2520 3031 l.
2539 2981 2624 3032 ed.
2645 2984 2745 3031 sd.

540 3051 598 3095 et
620 3061 666 3095 a.
688 3051 743 3094 et
768 3044 980 3095 Omnib.
998 3047 1176 3096 evitare
1208 3046 1404 3096 vitiam.
1469 3045 1749 3110 Actutum,
1770 3062 2036 3111 quanquam
2061 3062 2286 3107 magnum
2318 3047 2556 3097 nonnulli
2589 3048 2741 3097 codd.
2821 3059 2822 3062 ’

538 3122 632 3173 ap.
646 3110 810 3160 Orell.
856 3124 1120 3173 quanquam
1156 3115 1228 3160 est
1259 3125 1492 3172 mmam
1528 3112 1638 3161 Erl.
1661 3117 1711 3162 l.
1740 3111 1920 3162 Guelf.
1943 3116 1991 3160 1.
2020 3120 2075 3161 et
2114 3112 2338 3162 Omnib„
2390 3113 2552 3175 Tum,
2584 3127 2743 3163 oerum

541 3178 698 3223 tamen
718 3176 852 3237 quasi
871 3176 956 3224 hoo
978 3177 1129 3235 solum
1147 3174 1300 3225 codd.
1320 3176 1535 3239 aliquot,
1558 3177 1744 3239 Steph.
1767 3176 1948 3227 Lamb.
1968 3177 2179 3227 Scbatz.
2222 3192 2384 3226 verum
2402 3177 2514 3237 jam
2549 3178 2636 3227 hoo
2669 3193 2741 3226 so·

538 3239 639 3288 lam
659 3240 782 3289 Vet.
801 3255 887 3304 ap.
909 3240 1090 3305 Steph.
1141 3253 1304 3290 verum
1322 3241 1376 3290 in
1397 3241 1482 3290 hoo
1501 3243 1653 3292 solam
1674 3242 1827 3291 Muli.
1851 3256 1918 3292 ex
1940 3241 2096 3293 codd.
2154 3257 2319 3293 verton
2339 3242 2426 3292 hoo
2445 3244 2598 3293 mlum
2618 3242 2739 3292 Ala.

1527 3396 1744 3448 NOTAE
1851 3407 1852 3410 ’

607 3501 627 3534 ²
654 3499 877 3564 Alfieota]
910 3500 1093 3553 Verba
1125 3502 1251 3554 vilia
1283 3517 1345 3552 ae
1367 3502 1608 3565 sordida,
1743 3511 1769 3539 ¹¹
1815 3503 2065 3568 Obsoleta]
2122 3501 2363 3553 Ridicule
2404 3502 2586 3554 nescio
2631 3503 2738 3568 quis

540 3576 724 3645 quibus
758 3592 902 3644 saepe
934 3586 1153 3628 utuntur
1180 3579 1367 3630 comici
1397 3587 1454 3629 et
1474 3579 1600 3629 sati·
1680 3580 1817 3645 apud
1858 3580 2000 3632 Gen.
2019 3594 2102 3630 ιι.
2130 3583 2179 3630 ’1.
2217 3594 2333 3628 cum
2371 3577 2532 3628 vellet
2568 3579 2740 3629 dicere

539 3655 654 3705 rici.
737 3654 998 3705 Observat
1036 3663 1209 3706 tamen
1254 3654 1601 3707 Quintilianus
1680 3655 1857 3721 inopia
1889 3653 2162 3721 quemdam
2182 3654 2479 3719 miseroque
2503 3655 2647 3704 victu
2670 3654 2742 3703 vi·

541 3745 667 3783 vm.
689 3736 738 3782 3.
762 3733 862 3781 vim
902 3732 1057 3783 rebus
1089 3730 1361 3797 aliquando
1383 3733 1496 3797 ipsa
1521 3745 1604 3782 re·
1682 3746 1827 3796 vere,
1846 3740 1901 3782 et
1932 3729 2166 3781 furfureo
2198 3743 2335 3793 pane
2367 3730 2528 3788 vesci,
2551 3738 2608 3780 et
2638 3729 2741 3779 vini
2852 3768 2859 3778 .

538 3823 653 3859 rum
685 3808 976 3867 bumilitate
1010 3806 1217 3859 afferri:
1253 3815 1311 3858 ut
1331 3823 1447 3859 cum
1470 3809 1603 3860 dicit
1681 3810 1868 3861 fecem
1919 3818 2139 3873 potare:
2204 3807 2221 3834 ‘
2249 3805 2401 3871 Hic,’
2429 3806 2742 3871 inquiebat,

538 3885 596 3936 in
638 3885 882 3938 Pisonem
924 3886 1131 3948 Cicero,
1166 3893 1318 3936 ‘cum
1355 3886 1452 3936 tibi
1488 3895 1610 3938 tota·
1682 3888 1699 3916 ‘
1732 3900 1890 3951 eques
1939 3886 2195 3935 Romanus
2236 3882 2480 3946 apludam
2532 3883 2647 3933 edit
2687 3890 2742 3932 et

540 3962 779 4025 cognatio
809 3962 862 4011 in
890 3977 1100 4013 sarraca
1123 3962 1453 4026 advehatur,''
1478 3964 1603 4014 inci-
1681 3961 1841 4013 floces
1894 3960 2070 4011 bibit!
2162 3959 2418 4010 Obsoleta
2469 3960 2743 4025 aliqnando

540 4036 621 4087 dit
643 4039 697 4088 in
729 4039 990 4090 sordidum
1014 4055 1218 4098 nomen,
1242 4056 1344 4106 quo
1371 4046 1599 4091 oontem-
1680 4040 1874 4089 Tullius
1897 4038 2149 4099 adhibuit,
2173 4037 2436 4101 praecipue
2464 4038 2520 4087 in
2553 4038 2742 4100 episto·

539 4118 650 4163 tum
672 4115 819 4165 auxit
840 4116 1061 4165 bominis
1093 4130 1242 4182 quem
1274 4115 1601 4167 destructum
1681 4116 1763 4179 lis,
1781 4112 2210 4170 ‘ramusculum’
2230 4113 2550 4176 ‘maginari‚’
2572 4121 2739 4163 ‘aver-

540 4188 767 4239 volebat.
844 4191 914 4240 Et
957 4191 1098 4255 alibi,
1139 4194 1155 4222 ‘
1180 4199 1343 4258 eaput
1380 4193 1601 4257 opponis
1683 4192 1939 4250 runcare,’
1973 4200 1988 4221 ·
2015 4189 2226 4248 tricari,’
2272 4188 2740 4253 ‘noctuabundusr'

415 4318 424 4331 .
470 4283 473 4286 ’
542 4277 747 4323 cumea
768 4267 1072 4318 canineam?
1681 4271 1785 4320 διο.
1846 4269 2071 4322 Consule
2098 4267 2302 4319 Geli-1.
2330 4271 2410 4317 to.
