3020 4942
1011 311 1540 376 anRA‘ronE,
1589 311 1669 358 ιι.
1713 295 1821 359 51.
2250 390 2255 395 ἵ
2338 270 2512 360 1039

313 457 512 521 ritam
561 476 642 521 ac
693 455 985 523 debitam
1036 456 1246 520 fuisse
1298 455 1708 519 defenderes.
1796 454 2100 519 Deinde.⁵
2145 457 2260 540 qui
2304 458 2508 521 'locus

312 562 438 624 abs
477 568 547 623 te
596 561 1083 643 praetermissus
1131 568 1235 623 est
1271 559 1337 622 in
1378 557 1865 650 Caepionem?e
1905 567 1983 623 ut
2025 569 2099 622 tu
2128 560 2251 624 illa
2283 560 2509 625 omnia

308 663 504 740 odic,
537 663 817 739 invidia,
842 662 1302 726 misericordia
1324 661 1683 725 miscuisti!
1775 660 2017 744 Neque
2048 661 2196 726 haec
2217 660 2246 701 ⁶
2287 660 2507 727 solum

310 767 385 830 in
416 765 829 839 defensione,
863 764 984 828 sed
1016 764 1217 827 etiam
1250 764 1317 827 in
1352 764 1669 840 Scaur0,y
1716 765 2094 846 ceterisque
2125 763 2288 828 meis
2320 763 2509 828 testi·

313 867 497 946 bus‚⁸
542 869 827 950 quorum
879 868 1273 931 testimonia
1316 885 1453 930 non
1499 865 1882 944 refellendo,
1931 866 2052 930 sed
2098 866 2183 931 ad
2230 866 2512 931 eundem

314 971 642 1053 impetum
692 970 931 1053 populi
979 969 1469 1053 confugiend0‚⁸‘
1510 969 1844 1034 refutasti.
1931 968 2082 1034 204.
2130 968 2305 1048 Quae
2359 987 2510 1033 curn

316 1074 443 1137 abs
471 1080 541 1137 te
566 1081 592 1107 ¹
635 1073 842 1137 modo
873 1078 1566 1149 commemorarentur,
1608 1072 1916 1154 equidem
1958 1072 2140 1136 nulla
2170 1077 2512 1154 praecepta

313 1174 831 1240 desiderabam:
874 1175 1073 1239 istam
1118 1175 1293 1238 enim
1338 1176 1561 1257 ipsam
1610 1173 2237 1240 demonstrationem
2280 1172 2511 1236 defen-

313 1277 580 1341 sionum
641 1283 897 1342 tuarum
952 1276 1077 1341 abs
1138 1285 1205 1340 te
1261 1277 1415 1359 ipso
1474 1285 2087 1354 commemoratam,
2145 1276 2512 1340 doctrinam

313 1387 513 1443 esse⁷
559 1397 688 1443 non
742 1378 1145 1442 mediocrem
1192 1387 1383 1462 puto.
1469 1374 1708 1460 Atqui,
1757 1378 1818 1442 si
1861 1380 1958 1444 ita
2004 1378 2252 1462 placet,
2293 1377 2514 1461 inquit

314 1480 683 1559 AntoniuS,
746 1482 1080 1545 trademus
1130 1482 1351 1556 etiam,
1409 1501 1560 1564 quae
1620 1501 1742 1544 nos
1802 1482 2029 1564 sequiJ'
2073 1482 2144 1544 in
2200 1479 2508 1561 dicendO,

313 1603 613 1667 quaeque
664 1585 959 1649 maxime
1007 1593 1314 1667 spectare
1356 1576 1691 1650 solemus:
1739 1584 1967 1648 docuit
2006 1587 2179 1648 euim
2207 1585 2353 1668 jam
2384 1600 2509 1646 nos
2555 1624 2561 1640 x

312 1687 514 1768 longa
563 1688 702 1752 vita
745 1707 1034 1771 ususque
1077 1707 1294 1750 rerum
1332 1687 1797 1760 maximarum,
1848 1695 1924 1751 ut
1967 1687 2213 1770 quibus
2262 1684 2508 1750 rebus⁸

313 1789 526 1853 animi
554 1788 897 1853 bominum
928 1796 1366 1877 moverentur,
1397 1796 1798 1852 teneremus.

410 1908 510 1954 ω.
556 1894 709 1958 205.
756 1891 1086 1975 Equidem
1117 1891 1399 1974 primum
1428 1892 1856 1958 considerare
1887 1892 2097 1970 solen,
2124 1891 2510 1976 postuletne

315 2013 568 2058 causa:
611 2014 766 2059 ¹nam
817 2015 1035 2085 neque
1068 1996 1297 2078 parvis
1335 1996 1403 2059 in
1431 1997 1629 2059 rebus
1663 1996 2059 2061 adhibendae
2089 2002 2242 2059 suut
2270 1994 2377 2058 hae
2410 1992 2506 2079 diff
2600 2044 2607 2058 .

316 2097 511 2162 cendi
541 2097 783 2175 faces}
827 2117 1043 2181 neque
1075 2099 1170 2161 ita
1201 2098 1526 2183 ,animatis
1556 2099 1958 2176 hominibuS,
1987 2108 2062 2164 ut
2090 2082 2256 2163 nihil
2286 2099 2369 2163 ad
2394 2118 2507 2163 eo-

315 2219 467 2281 rum
495 2209 750 2264 mentes
783 2202 1077 2263 oratione
1107 2200 1478 2264 flectendas
1502 2201 1827 2285 proficere
1851 2203 2192 2289 possimus
2219 2202 2258 2279 ς’
2283 2221 2365 2265 ne
2396 2209 2508 2279 aut

306 2301 642 2386 irrisione,
676 2311 797 2367 aut
827 2300 986 2366 odio
1007 2302 1187 2384 digni
1217 2310 1555 2385 putemur,
1576 2304 1634 2368 si
1655 2309 1770 2368 aut
1797 2303 2164 2401 tragoedias
2178 2294 2216 2339 ⁸¹
2235 2323 2508 2388 agamus

313 2506 359 2600 ’ά
380 2494 409 2529 t
445 2487 584 2541 Quod
614 2499 726 2535 nam
750 2486 952 2535 omisisti
973 2491 1323 2550 argumentum,
1346 2489 1471 2537 unde
1496 2487 1656 2551 Capio
1676 2486 1837 2538 vocari
1856 2492 2012 2551 posset
2035 2488 2085 2537 in
2111 2486 2272 2536 odium
2299 2492 2348 2537 et
2381 2478 2508 2536 inviss
2561 2493 2565 2497 ’

311 2575 316 2582 «
361 2550 494 2600 iam?
583 2580 592 2588 ,
2046 2559 2047 2562 ’

385 2614 414 2648 ⁸
454 2616 561 2664 Non
581 2616 730 2664 solum
751 2616 833 2664 illo
860 2616 1070 2679 artificio
1102 2631 1213 2665 usus
1234 2631 1284 2667 es
1303 2617 1354 2667 in
1374 2616 1679 2678 defendendo
1695 2617 1940 2675 Norbano,
1970 2619 2055 2666 sed
2087 2617 2234 2667 etiam
2253 2615 2305 2666 in
2329 2617 2510 2667 Scauro

316 2681 580 2743 ceterisque
603 2680 801 2730 testibus
821 2681 1110 2740 refellendis.

382 2743 399 2777 ⁸'
432 2746 607 2809 Populi
628 2746 927 2795 iracundiam
946 2746 1163 2796 meritam
1185 2762 1240 2795 ac
1260 2745 1468 2795 debitam
1485 2746 1648 2805 fuisse
1680 2746 1981 2795 ostendendo.
2165 2745 2190 2787 1‘
2227 2747 2510 2796 Observare.

385 2808 411 2842 ἃ
446 2811 611 2858 Motus
638 2811 902 2872 graviores.
1094 2810 1111 2844 1
1146 2812 1345 2867 Quando
1367 2812 1440 2860 ita
1461 2817 1572 2859 sunt
1589 2811 1752 2877 affecti
1772 2812 1981 2861 homines
2001 2811 2156 2874 aliqua
2175 2816 2304 2861 certa
2320 2817 2511 2875 pertur-

318 2871 526 2931 batione,
545 2880 595 2923 ut
620 2875 788 2925 merito
808 2878 1023 2940 desperes
1043 2880 1091 2925 te
1120 2892 1253 2940 posse
1273 2877 1379 2925 illos
1400 2876 1451 2925 in
1470 2876 1760 2947 contrariam
1779 2877 1963 2940 partem
1982 2881 2027 2925 et
2048 2882 2224 2926 motum
2231 2876 2445 2941 flectere.

1240 3012 1451 3034 '‘m“
1455 3012 1602 3034 Um

318 3088 403 3137 sed
424 3088 557 3137 illam
580 3088 743 3150 populi
774 3088 927 3139 Junt.
962 3089 1119 3139 Grut.
1156 3091 1221 3138 al.
1258 3095 1379 3138 ante
1413 3088 1736 3138 Ernesti.—5
1773 3086 1994 3151 Denique
2028 3085 2185 3137 codd.
2208 3086 2405 3153 aliquot
2429 3101 2531 3151 ap.-

317 3152 491 3203 Orell.
557 3154 704 3212 Mox,
739 3159 812 3203 est
840 3155 983 3203 delet
1006 3154 1292 3204 Larum—6*
1321 3156 1489 3218 Neque
1509 3156 1595 3204 hoc
1615 3155 1798 3215 Steph.
1820 3164 1870 3202 et
1901 3153 2076 3202 Lamb.
2142 3154 2288 3213 Mox,
2319 3168 2514 3216 quorum

318 3224 378 3267 tu
397 3217 666 3267 testimonia
687 3218 841 3268 codd.
864 3220 1062 3283 aliquot
1085 3235 1170 3281 ap.
1194 3220 1363 3267 Orell.
1401 3222 1524 3268 item
1564 3221 1746 3280 Steph.
1781 3228 1835 3268 et
1858 3220 2137 3268 Lamb.—7
2173 3220 2280 3267 Erl.
2305 3224 2348 3266 l.
2371 3220 2514 3267 istam

320 3282 382 3344 (a
406 3297 557 3332 manu
581 3297 686 3331 sec.
707 3299 967 3345 suprascr.
985 3284 1163 3345 ipsam)
1187 3289 1342 3332 tamen
1362 3283 1507 3334 istam
1527 3286 1788 3333 doctrinam
1804 3300 1921 3340 esse,
1940 3285 2138 3333 omissis
2161 3284 2513 3344 intermediis;

320 3348 497 3397 Palat.
524 3352 570 3396 l.
597 3348 735 3397 Pith.
757 3357 812 3397 et
831 3350 1044 3397 Memm.
1069 3349 1223 3411 ipsam
1253 3353 1350 3397 tam
1370 3350 1634 3398 doctrinam
1668 3364 1783 3400 esse.
1846 3349 1995 3405 Haec,
2021 3349 2103 3398 abs
2124 3354 2172 3398 te
2199 3350 2297 3411 ipso
2317 3363 2514 3413 comme-

316 3418 552 3461 moratam
586 3414 728 3463 delet
748 3414 956 3462 Scliutz.
1023 3413 1302 3464 Lambinus
1326 3412 1399 3461 ita
1421 3415 1639 3462 mutavit
1666 3415 1936 3462 verborum
1964 3415 2218 3475 ordinem,
2251 3415 2514 3463 doctrinam

319 3492 413 3525 non
435 3478 708 3527 mediocrem
742 3493 842 3528 esse
873 3485 1022 3541 puto.·
1073 3480 1219 3543 Mox,
1262 3476 1503 3528 Antonius
1538 3480 1684 3527 deest
1712 3480 1764 3528 iu
1799 3479 2000 3527 duobus
2038 3478 2190 3527 codd.
2214 3495 2308 3542 ap.
2346 3479 2516 3532 Orell-

320 3547 421 3591 -8
457 3541 635 3593 Guelf.
662 3547 706 3594 l.
730 3543 781 3592 in
802 3546 970 3607 quibus
990 3543 1143 3594 rebus.

1303 3656 1526 3721 Nora:

385 3762 409 3800 1
444 3753 652 3817 Scauro]
674 3754 882 3804 Ceteris
906 3754 1105 3805 omissis
1130 3754 1380 3802 Scaurum
1461 3755 1528 3804 tis
1550 3756 1810 3817 oratoriae,
1832 3761 1888 3806 et
1905 3737 2004 3805 ho'c
2026 3769 2127 3805 uuo
2144 3755 2384 3819 exemplo
2402 3765 2516 3802 con·

317 3830 407 3880 hic
427 3831 683 3894 appellat,
705 3831 901 3900 quippe
924 3831 1072 3895 cujus
1096 3829 1381 3879 auctoritas
1461 3839 1638 3880 tentus
1660 3847 1772 3881 esse
1795 3833 1930 3895 quod
1952 3832 2198 3881 imitarer.

318 3905 489 3967 major
510 3913 664 3954 esset.
1459 3935 1464 3940 ·
1528 3913 1551 3942 ⁸
1587 3908 1885 3971 Tragoedias]
1940 3909 2239 3973 Tragoedias
2272 3909 2322 3957 in
2365 3910 2512 3972 nugis

390 3991 413 4015 ²
445 3984 567 4039 Quoe
588 3998 693 4031 cum
712 3981 795 4031 abs
816 3983 887 4047 te]
928 3983 1055 4032 Cum
1080 3983 1380 4046 explicuisti
1459 3999 1617 4044 agere
1643 4000 1736 4045 per
1753 3984 2078 4047 proverbium
2098 3985 2288 4034 dicitur
2305 3985 2393 4034 ille
2415 3986 2522 4047 qui,

318 4060 472 4109 nobis
518 4060 770 4108 rationem
811 4076 959 4122 quam
980 4104 984 4107 .
1006 4060 1289 4110 adhibuisti
1329 4062 1381 4110 in
1460 4067 1518 4108 ut
1543 4060 1617 4108 ait
1639 4060 1938 4122 Terentius,
1960 4075 2142 4125 magno
2164 4069 2355 4109 conatu
2378 4055 2518 4125 mag‘·

319 4135 625 4187 defensione
663 4136 920 4198 Norbani,
946 4138 1079 4186 visus
1114 4153 1222 4186 snm
1257 4139 1381 4188 mihi
1460 4152 1555 4186 nas
1587 4152 1746 4200 nugas
1769 4138 1917 4195 dicit,
1949 4140 2030 4189 vel
2054 4141 2103 4189 iu
2129 4147 2184 4189 re
2206 4139 2308 4189 levi
2332 4142 2518 4190 tumul·

320 4227 503 4266 carere
537 4228 688 4278 posse
721 4216 1005 4286 praeceptis
1040 4215 1274 4282 omuibus
1300 4225 1409 4266 ara*
1458 4224 1574 4265 >tum
1599 4216 1816 4269 excitat.
2370 4223 2371 4226 ’
2488 4225 2491 4228 ’
