3020 4942
2340 338 2510 405 123³

323 504 427 564 est
465 499 661 564 etiam
716 496 802 562 ad
851 497 946 575 id,
1000 495 1182 580 quod
1233 496 1638 580 aggrediare,
1680 503 1747 560 et
1788 496 2096 580 trajectio
2128 497 2194 561 in
2225 498 2512 562 alium:³

323 600 892 678 communicatio‚⁸
923 619 1073 683 quae
1128 607 1231 664 est
1279 601 1473 682 quasi
1530 618 1681 662 cum
1723 599 1810 662 iis
1858 600 2049 684 ipsiS‚
2103 600 2287 683 apud
2340 622 2509 684 quos

321 703 527 778 dicaS,
559 703 981 767 deliberatio:
1030 722 1283 766 morum
1313 721 1395 766 ac
1425 702 1583 767 vitae
1614 703 1890 768 imitatio
1913 711 1942 753 ⁹
1963 701 1989 739 b
2028 703 2138 767 vel
2167 705 2235 766 in
2274 722 2510 786 perso*

318 808 450 883 nie,
483 807 591 871 vel
624 806 764 871 sine
802 806 960 883 illia,
982 821 1289 887 magnum
1315 803 1658 887 quoddam
1688 809 2136 868 ornamentum
2163 807 2508 885 orationiS,

317 915 385 972 et
419 917 648 992 aptum
679 908 760 972 ad
794 907 1052 972 animos
1083 905 1535 976 conciliandos
1574 907 1681 970 vel
1724 907 2041 982 maxime,
2075 927 2257 990 saepe
2286 915 2506 973 autem

318 1012 520 1074 etiam
551 1009 636 1073 ad
666 1008 1219 1074 commovendos:
1265 1009 1416 1072 205.
1463 1027 1897 1090 personarum
1920 1017 1944 1045 ⁰
1974 1009 2138 1074 ficta
2181 1009 2503 1084 inductio,

315 1113 423 1176 vel
454 1113 917 1195 gravissimum
945 1113 1163 1176 lumen
1192 1109 1476 1194 augendi
1497 1110 1545 1191 ς’
1574 1109 1987 1193 descriptio‚‘¹
2016 1112 2254 1176 erroris
2277 1110 2504 1176 induc·
2539 1166 2541 1169 .

994 352 1093 399 ΒΕ
1142 352 1517 411 onA'ronn,
1569 355 1679 401 ιιι.
1725 339 1832 403 53.

378 1277 403 1309 ³¹²
443 1279 565 1334 Quoe
585 1280 788 1328 maxime
805 1280 998 1343 prodest
1018 1251 1396 1344 amplificationi.

1223 1399 1252 1420 0
1257 1398 1586 1419 ‘mnu

313 1482 485 1547 nest'u
523 1498 552 1529 a
583 1488 631 1531 te
662 1482 763 1546 ipso
801 1481 954 1532 codd.
991 1491 1047 1532 et
1080 1483 1199 1532 edd.
1236 1489 1365 1539 vett.
1431 1485 1580 1541 Mox,
1617 1489 1666 1533 et
1695 1483 1888 1544 rejectio
1919 1481 2078 1533 codd.'
2108 1483 2323 1547 aliquot,
2354 1482 2503 1533 Junt;

308 1548 491 1596 Lamb.
515 1548 768 1597 Gran—9
799 1549 886 1597 Ita
909 1549 1138 1623 plerique
1159 1549 1310 1598 codd.
1331 1563 1388 1598 ac
1412 1565 1460 1598 υ.
1493 1549 1697 1598 mutatio
1732 1563 1860 1597 ιιιιιιε
1882 1547 2056 1597 Oxon.
2103 1563 2160 1597 ae
2184 1548 2298 1598 vita
2320 1549 2502 1597 matio

1293 1670 1508 1720 NOTAE

304 1775 362 1823 lii
397 1775 693 1838 Philippica
724 1788 828 1824 vn.
868 1777 967 1840 §8.
999 1775 1014 1802 ‘
1035 1775 1148 1838 Ego
1188 1774 1366 1838 itaque

307 1852 471 1915 pacis,
518 1860 578 1901 ut
631 1853 707 1902 ita
760 1853 948 1908 dicam,
991 1853 1239 1913 alumnus,
1279 1852 1364 1914 qui

304 1939 754 1994 quantuscumque
775 1945 885 1978 sum
909 1929 1061 1994 (nihil
1085 1929 1220 1978 enim
1244 1927 1363 1976 mihi

304 2004 521 2071 arrogo)
546 2005 652 2054 sine
672 2020 801 2069 pace
820 2005 971 2055 civili
991 2012 1137 2054 certe
1159 2019 1262 2052 nou
1284 2003 1362 2053 fu·
1392 2048 1395 2049 γ

300 2083 457 2131 issem
499 2083 810 2144 (periculose
846 2081 999 2130 dico:
1036 2081 1362 2142 quemadmo-

301 2157 423 2205 dum
447 2157 711 2220 accepturi
737 2157 803 2206 P.
823 2157 881 2206 C.
899 2156 1030 2217 sitis,
1046 2157 1363 2217 horreo;sed

299 2249 396 2296 pro
430 2248 548 2283 mea
573 2242 830 2297 perpetua
863 2231 1151 2296 cupiditate
1174 2240 1362 2282 vestroe

299 2311 582 2374 diguitatis
640 2311 926 2361 retinendae'
981 2317 1036 2358 et
1091 2309 1362 2372 augendoe‚

295 2400 480 2452 quaeso
504 2402 697 2451 oroque
725 2403 814 2436 vos
838 2389 901 2436 P.
941 2389 1001 2436 C.
1029 2395 1086 2436 ut
1111 2389 1295 2450 primo.
1319 2386 1362 2434 si

295 2464 399 2513 erit
424 2463 510 2513 vel
533 2463 773 2513 acerbum
799 2462 998 2518 auditu,
1031 2464 1108 2512 vel
1143 2461 1361 2511 incredi-

294 2541 395 2589 bile
423 2556 459 2589 a
480 2540 557 2588 Μ.
581 2540 832 2590 Cicerone
855 2555 968 2589 esse
993 2541 1206 2595 dictum,
1229 2539 1362 2587 acci-

292 2618 457 2678 piatis
488 2617 611 2665 -sine
656 2615 940 2666 offensione
970 2604 1109 2679 ‘quod
1148 2615 1361 2675 dixero;

292 2708 428 2742 neve
460 2692 511 2741 id
536 2693 678 2756 prius
702 2708 853 2755 quam
879 2694 1030 2756 quale
1055 2692 1122 2740 sit
1136 2692 1361 2754 explica-

292 2784 441 2831 vero,
460 2768 791 2833 repudietis).
825 2770 938 2832 Ego
963 2770 1065 2824 ille,
1085 2768 1361 2817 dicamsae·

293 2847 430 2909 pius,
454 2846 598 2909 pacis
631 2860 833 2910 semper
874 2845 1126 2900 laudator,
1156 2859 1360 2908 semper

293 2930 500 2978 auctor,
542 2936 720 2984 pacem
747 2937 862 2972 cum
887 2922 962 2971 M.
991 2920 1221 2970 Antonio
1245 2936 1359 2970 esse

291 3001 432 3047 nolo.
501 2999 700 3062 Magna
741 3014 835 3064 spe
870 2999 1133 3062 ingredior
1166 3000 1216 3047 iu
1242 3000 1357 3054 reli-

204 3134 209 3141 ·
292 3090 449 3139 quam
490 3074 798 3138 orationem,
833 3075 896 3122 P.
921 3075 981 3125 C.
1004 3074 1240 3142 quoniam
1267 3089 1356 3137 pe·

289 3150 716 3200 riculosissimum
767 3152 934 3199 locum
981 3151 1191 3200 silentio
1243 3165 1355 3199 sum

291 3224 710 3291 praetervectus.’

354 3313 376 3337 ²
403 3302 639 3365 Trajectio
660 3302 900 3372 [reJeciio]
920 3302 974 3349 in
996 3302 1165 3365 ulium]
1193 3301 1279 3350 Sic
1301 3302 1353 3350 iu

250 3371 253 3374 ¹
289 3381 579 3429 Miloniana
606 3380 790 3430 Cicero
825 3380 1141 3428 accusatoris
1174 3386 1352 3439 partes

288 3463 521 3518 occupat
563 3464 618 3505 et
661 3455 894 3505 Clodium
948 3456 1113 3518 ipsum
1165 3455 1350 3503 Miloni

287 3534 547 3581 struxisse
582 3532 790 3580 insidias
827 3521 1029 3595 probat.
1092 3532 1179 3580 Sic
1213 3531 1349 3594 apud

288 3608 497 3656 Livium
531 3608 620 3657 lib.
645 3622 777 3658 xtv.
807 3607 995 3657 Rhodii
1032 3610 1235 3672 culpam
1272 3618 1351 3656 to·

287 3686 394 3733 tius
411 3685 641 3735 civitatis
659 3686 710 3733 iu
728 3685 998 3734 seditiosos
1015 3686 1212 3748 aliquot
1229 3699 1349 3733 con-

286 3757 490 3809 ferunt.

353 3843 377 3869 ⁸
415 3837 808 3900 Communicatio]
861 3838 979 3889 Qua
1023 3838 1346 3887 adversarios

202 3927 215 3934 ‘
288 3913 599 3976 veljudices
624 3916 967 3964 consulimus:
1012 3916 1155 3963 valet
1174 3915 1237 3964 ad
1266 3930 1347 3963 ur-

287 3990 516 4052 gendum
538 3991 880 4039 adversarium
895 3998 950 4039 et
965 3989 1343 4040 confessionem

287 4064 355 4112 ab
378 4079 444 4111 eo
468 4067 868 4127 exprimendam.
925 4066 1230 4131 Exemplum
1255 4068 1341 4114 ha-

285 4138 382 4188 bes
422 4156 518 4200 pro
551 4144 761 4193 Quintio
798 4144 927 4207 §53.
963 4147 1060 4193 διο.
1111 4144 1126 4170 ‘
1148 4144 1204 4193 Si
1240 4159 1342 4192 me·

283 4217 498 4266 hercule
532 4218 646 4269 haec
680 4228 848 4268 tecum
879 4219 980 4268 duo
1010 4218 1168 4269 verba
1190 4216 1342 4268 fecis-

417 4298 596 4362 Delpli.
612 4305 661 4348 et
685 4300 802 4348 Var.
823 4300 952 4349 Clas.

1277 4300 1461 4349 Cicero.

1439 1789 1541 1838 ses,
1565 1773 1702 1826 Quid
1726 1775 1861 1838 ago?
1900 1774 2212 1837 respirasset
2234 1773 2497 1838 cupiditas

1439 1859 1597 1916 atque
1642 1852 1863 1900 avaritia
1912 1851 2173 1915 paululum
2211 1885 2224 1900 .
2250 1885 2263 1900 .
2289 1885 2303 1899 .
2326 1886 2341 1901 .
2386 1853 2502 1914 Ego

1440 1942 1535 1991 pro
1556 1935 1612 1976 te
1644 1936 1782 1977 nunc
1802 1928 1900 1978 boc
1921 1929 2131 1978 consulo
2156 1935 2273 1991 post
2297 1936 2501 1992 tempus

1440 2004 1491 2052 in
1514 2003 1684 2052 aliena
1709 2019 1785 2063 re,
1808 2002 1944 2068 quod
1984 2011 2039 2053 tu
2081 2005 2142 2053 in‘
2171 2013 2260 2054 tua
2286 2019 2361 2059 re,
2383 2019 2500 2053 cum

1440 2088 1641 2142 tempus
1693 2086 1828 2142 erat,
1884 2082 2153 2130 consulere
2202 2080 2389 2129 oblitus
2431 2096 2499 2135 es.

1439 2157 1631 2208 Quoero
1654 2155 1748 2206 abs
1773 2163 1824 2206 te
1848 2157 1911 2206 C.
1933 2157 2128 2220 Aquilli
2152 2190 2166 2204 .
2191 2191 2204 2206 .
2230 2189 2245 2205 .
2270 2157 2500 2205 vadimo-

1438 2233 1580 2282 nium
1604 2233 1727 2282 mihi
1749 2248 1852 2282 non
1876 2232 2006 2282 obiit
2030 2233 2244 2298 qnidam
2262 2233 2430 2282 socius
2448 2240 2501 2281 et

1439 2307 1605 2358 affinis
1626 2324 1769 2357 meus
1797 2340 1809 2356 .
1831 2343 1845 2359 .
1870 2342 1885 2357 .
1901 2310 2177 2372 postulone
2200 2324 2229 2357 a
2255 2317 2500 2371 praetore,

1437 2394 1493 2432 ut
1516 2385 1629 2446 ejus
1649 2384 1785 2433 bona
1804 2385 1923 2432 mibi
1947 2382 2215 2447 possidere
2239 2385 2394 2433 liceat
2417 2416 2432 2430 .
2449 2418 2464 2433 .
2483 2415 2499 2431 .

1438 2458 1674 2524 profecto
1710 2461 1751 2508 si
1785 2465 1930 2508 recte
1955 2467 2179 2509 vestram
2212 2459 2497 2509 bonitatem

1436 2544 1595 2600 atque
1620 2536 1943 2600 prudentiam
1967 2536 2208 2599 cognovi,
2239 2550 2345 2596 ¹non
2370 2536 2497 2584 mul-

1435 2622 1543 2663 tum
1590 2628 1671 2661 me
1706 2612 1860 2669 fallit,
1903 2613 1946 2661 si
1982 2612 2337 2675 consulemini,
2370 2612 2493 2674 quid

1433 2690 1549 2739 sitis
1572 2692 1899 2752 responsuri=
1926 2690 2146 2752 primum
2178 2696 2494 2751 expectare:
2557 2737 2562 2742 ,

1435 2766 1623 2815 deiude
1646 2767 1686 2814 si
1711 2766 1913 2815 latitare
1929 2781 1990 2814 ac
2013 2762 2209 2814 diutius
2227 2763 2496 2815 ludificare

1434 2842 1684 2904 videatur,
1704 2845 1895 2891 amicos
1919 2842 2226 2891 convenire:
2258 2855 2494 2905 quaerere

1432 2920 1547 2985 quis
1574 2928 1879 2983 procurator
1900 2919 1996 2967 sit:
2033 2918 2236 2968 domum
2255 2917 2493 2966 denunti·

1431 3011 1551 3047 are:
1575 2996 1676 3046 dici
1697 2999 1781 3044 vix
1809 3003 2002 3058 potest,
2021 3009 2169 3059 quam
2186 2993 2350 3043 multa
2372 2994 2493 3048 sint.

1432 3088 1549 3137 quae
1568 3071 1932 3136 respondeatis
1955 3078 2074 3120 aute
2095 3070 2204 3119 fieri
2228 3078 2492 3132 oportere,

1429 3166 1582 3217 quam
1632 3152 1695 3199 ad
1741 3152 1873 3200 lianc
1910 3150 2164 3199 rationem
2206 3156 2489 3197 extremam

1429 3230 1773 3278 necessariam
1797 3226 2078 3277 devenire?

1491 3304 1516 3338 b
1549 3304 1741 3353 Morum
1754 3321 1811 3353 ac
1827 3307 1941 3353 υἱέα
1960 3303 2189 3372 imitatio]
2214 3304 2491 3368 Ethopoeia

1427 3380 1670 3429 dicitur-a
1706 3381 1924 3442 Graecis,
1954 3383 2019 3430 de
2050 3396 2152 3445 qua
2184 3380 2250 3429 ad
2287 3381 2487 3430 Heren.

1428 3456 1522 3505 lit»
1551 3469 1626 3505 ιν.
1646 3457 1672 3518 §
1692 3460 1775 3505 63.

1493 3540 1517 3566 ⁶
1552 3530 1899 3593 Personarum]
1921 3531 2313 3595 Prosopopoeia,
2335 3533 2486 3596 cujus

1426 3611 1665 3673 exempla
1686 3609 1949 3658 attulimus
1965 3609 2016 3657 in
2042 3609 2177 3657 notis
2202 3609 2265 3657 ad
2291 3608 2487 3660 Heren.

1423 3686 1515 3735 lib.
1540 3700 1621 3735 ιν.
1644 3687 1768 3749 §oa

1485 3760 1510 3796 ἃ
1548 3760 1857 3823 Descriptio]
1907 3758 2207 3823 cujusmodi
2246 3769 2326 3807 est
2370 3760 2483 3808 haec

1423 3838 1629 3887 Pisonis
1649 3836 1785 3899 apud
1812 3837 2117 3885 Ciceronem
2138 3835 2188 3882 iu
2214 3836 2481 3893 Sextiana,

1422 3915 1555 3978 §la
1589 3916 1605 3941 ⁸
1633 3913 1802 3968 Alter,
1840 3926 1871 3961 o
1905 3912 1994 3960 Dii
2031 3911 2187 3959 boni!
2227 3925 2377 3974 quarn
2404 3917 2480 3959 te·

1422 4000 1504 4040 ter
1546 3990 1866 4040 incedebat!
1923 4003 2076 4053 quam
2132 3989 2482 4037 truculentus!

1425 4081 1577 4131 quam
1623 4066 1846 4115 terribili
1888 4064 2137 4128 aspectu!
2184 4078 2338 4113 uuum
2384 4065 2477 4113 ali-

1425 4157 1579 4207 quem
1606 4154 1660 4191 tu
1691 4156 1756 4191 ex
1786 4142 2014 4191 barbatis
2047 4141 2145 4189 illis
2185 4141 2476 4203 exemplum

1424 4219 1627 4283 imperii
1653 4219 1862 4281 veteris,
1900 4218 2173 4281 imaginem
2197 4217 2477 4280 antiquita-

2250 4302 2281 4346 4
2318 4297 2345 4346 Ι
