3020 4942
1049 361 1146 407 ne
1194 358 1573 422 oRA'ran,
1624 361 1670 408 1.
1714 346 1822 410 53.
2388 348 2519 413 923

339 503 480 587 puli
514 503 1033 569 misericordiam
1058 505 1492 584 concitasset,
1513 524 1661 569 cum
1688 504 1783 569 M.
1812 505 2008 584 Cato,
2028 506 2270 573 Galbae
2292 511 2514 590 gravis

337 613 537 690 atque
568 626 725 671 acer
756 607 1085 682 inimicuS,
1121 626 1355 690 aspere
1394 607 1576 691 apud
1619 608 1939 691 populum
1974 608 2350 674 Romanurn
2375 619 2395 658 ³
2444 624 2515 694 et

336 707 762 772 vehementer
791 685 971 772 esset
1000 708 1301 774 locutus:
1349 728 1551 791 quam
1585 710 1949 774 orationem
1980 712 2045 774 in
2077 711 2468 793 Originibus
2487 710 2518 750 ²¹

334 811 477 875 suis
531 811 856 896 exposuit
901 814 1071 893 ipse.
1158 811 1307 875 228.
1360 809 1925 895 Reprehendebat
1977 814 2179 895 igitur
2224 813 2513 882 Galbam

333 911 660 991 Rutilius,
691 913 871 996 quod
905 915 965 978 is
1009 911 1087 976 G.
1122 913 1409 996 Sulpicii
1443 912 1656 989 Galli,
1688 916 2055 1004 propinqui
2106 916 2235 991 sui,
2269 915 2357 996 Q.
2389 938 2511 1000 pu-

328 1016 567 1097 pillum
625 1016 885 1080 filium4
925 1017 1079 1101 ipse
1124 1036 1315 1099 paene
1368 1017 1438 1081 iu
1491 1017 1803 1082 humeros
1856 1038 2016 1082 suos
2070 1019 2469 1093 extulisset:
2490 1027 2514 1068 5

327 1120 444 1201 qui
476 1119 692 1200 patris
725 1120 1080 1184 clarissimi
1103 1118 1560 1196 recordatione
1592 1127 1657 1185 et
1686 1121 2013 1185 memoria
2039 1121 2265 1185 fletum
2294 1140 2512 1204 popu·

325 1221 394 1285 lo
426 1227 735 1299 moveret,
769 1230 835 1286 et
865 1222 1034 1287 duos
1074 1222 1252 1287 filios
1298 1243 1459 1287 suos
1499 1243 1743 1307 parvos
1790 1224 2016 1290 tutelae
2063 1222 2296 1306 populi
2334 1242 2531 1288 com-·

327 1324 738 1403 mendasset,
759 1345 837 1390 ac
863 1345 961 1403 se,
985 1334 1305 1410 tanquam
1325 1327 1393 1391 in
1414 1327 1767 1409 procinctu
1797 1333 2270 1390 testamentum
2289 1333 2312 1361 ·
2336 1325 2511 1388 face-

324 1432 447 1503 ret,
493 1429 639 1491 sine
686 1428 855 1491 libra
883 1435 1083 1511 atque
1110 1424 1413 1503 tabulis!
1450 1428 1773 1511 populum
1819 1426 2193 1492 Romanum
2225 1436 2512 1492 tutorem

322 1537 662 1602 instituere
692 1539 979 1603 dixisset
1009 1539 1275 1604 illorum
1310 1539 1602 1603 orbitati.
1694 1538 1941 1623 Itaque
1976 1559 2125 1604 cum
2167 1545 2231 1603 et
2261 1538 2513 1603 invidia

320 1646 388 1704 et
428 1639 634 1705 odio⁶
678 1643 914 1726 populi
960 1651 1103 1705 tum
1146 1640 1372 1707 Galba
1417 1650 1839 1727 premeretur,
1880 1644 1982 1707 his
2039 1662 2302 1726 quoque
2356 1660 2508 1705 eum

319 1744 716 1826 tragoediis‘
758 1746 1106 1810 liberatum
1158 1745 1448 1825 ferebat3
1495 1746 1683 1830 quod
1713 1809 1716 1814 ,
1744 1748 1900 1809 item
1961 1744 2139 1827 apud
2184 1742 2509 1809 Catonem

320 1848 636 1929 scriptum
661 1868 807 1911 esse
838 1848 1057 1925 video,
1088 1848 1215 1911 nisi
1246 1848 1475 1931 pueris
1501 1855 1570 1913 et
1597 1848 1910 1933 lacrymis
1931 1868 2096 1913 usus
2127 1854 2330 1923 esset,
2363 1867 2512 1930 poe-

318 1968 446 2013 nas
475 1970 628 2013 eum
657 1951 964 2015 daturum
997 1951 1233 2016 fuisse.
1308 1950 1485 2016 Haec
1521 1949 1815 2018 Rutilius
1852 1951 2044 2016 valde
2064 1951 2508 2035 vituperabat,
2546 1956 2551 1960 “

383 2133 403 2158 ⁸
443 2125 513 2174 Ut
537 2126 625 2174 toti
648 2128 811 2190 populo
827 2128 1132 2189 spectandum
1152 2126 1412 2177 exhiberet.

381 2192 399 2223 ‘
434 2190 546 2240 Huc
566 2191 825 2241 vehementi
844 2197 891 2241 et
913 2193 1101 2254 tragica
1122 2192 1352 2241 oratione.

1234 2304 1261 2322 O
1267 2303 1481 2324 ‘toton
1487 2304 1571 2325 m
1578 2304 1603 2323 0

316 2393 403 2443 ed.
422 2397 569 2444 1566.
598 2394 737 2456 probe
757 2394 1120 2445 commeminisse
1138 2397 1244 2445 Erl.
1258 2401 1303 2445 1.
1324 2396 1440 2447 Ald.
1457 2397 1629 2446 Streb.
1650 2396 1791 2459 probe
1807 2411 1939 2446 nosse
1952 2400 2002 2445 et
2017 2394 2281 2445 meminisse
2292 2393 2510 2445 Junt.-

315 2462 346 2508 3
382 2459 644 2510 Romanum
665 2461 858 2509 omittit
879 2461 1084 2510 Manut.
1150 2462 1298 2523 Mox,
1320 2462 1417 2526 ipse
1436 2463 1489 2512 in
1513 2413 1681 2524 erig?
1688 2463 1787 2511 suis
1807 2462 2023 2524 exposuit
2042 2460 2192 2512 Juut.
2216 2462 2358 2510 Crat.
2383 2460 2505 2509 Vic-

317 2534 418 2574 tor.
452 2527 554 2587 ipse
579 2527 772 2575 omittit
796 2526 1098 2577 Manum—4
1133 2527 1316 2577 Lamb.
1356 2537 1411 2576 et
1448 2529 1656 2577 Scbutz.
1673 2528 1838 2592 filium
1862 2527 1924 2582 Q.
1954 2528 2197 2589 pupillum.
2199 2531 2294 2575 —5
2331 2527 2438 2575 Erl.
2461 2528 2508 2574 1.

317 2590 561 2640 extulisse.
628 2592 900 2641 censorin
924 2592 1065 2640 Bibl.
1087 2590 1256 2641 Amat.
1280 2607 1319 2642 ι.
1356 2607 1404 2653 p.
1427 2596 1505 2640 16.
1541 2593 1675 2654 conj.
1705 2592 1970 2647 extulisset,
1993 2598 2045 2639 ut
2079 2591 2296 2653 patris..
2313 2591 2509 2654 ,populo

314 2661 538 2710 moveret,
573 2657 656 2718 qni
687 2659 804 2705 dnos
821 2655 958 2720 filios
988 2672 1115 2715 snos,
1150 2659 1233 2720 &⁶-
1302 2657 1447 2712 Mox,
1470 2657 1575 2706 sine
1596 2658 1717 2705 libra
1739 2673 1794 2705 ac
1817 2656 1988 2705 tubulis
2012 2640 2290 2705 Er1.1.-—e
2324 2656 2431 2704 Eri.
2461 2658 2508 2704 1.

314 2712 500 2770 invidia
536 2721 661 2772 odio.
728 2722 874 2785 Mox,
910 2721 985 2772 his
1024 2722 1162 2785 quusi
1199 2736 1303 2772 eum
1326 2722 1470 2772 Crat.
1492 2722 1692 2773 Victor.
1723 2722 1872 2771 Mull-
1895 2720 2059 2770 Orell.
2092 2720 2217 2770 hisce
2237 2734 2340 2769 eum
2363 2720 2515 2771 Heu·

1303 2860 1516 2910 NOTAE

371 2950 397 2986 ‘¹
438 2949 748 3013 Originibus]
783 2950 938 3003 Liber
954 2948 1037 2999 hi'c
1052 2948 1150 2999 fuit
1167 2951 1245 2999 Μ.
1267 2951 1365 3000 Ca-

312 3031 470 3089 tonis,
490 3030 638 3092 cnjus
664 3028 933 3092 inscriptio
952 3028 1064 3078 baec
1085 3037 1214 3085 erat,
1248 3031 1264 3057 ⁸
1293 3028 1367 3078 O·

309 3105 547 3172 rigines,'
584 3106 702 3169 quia
735 3105 785 3154 in
821 3119 882 3155 eo
916 3105 1045 3155 libro
1079 3107 1265 3170 agebat
1301 3106 1365 3155 de

308 3184 589 3247 originibus
624 3181 821 3231 urbium
846 3189 899 3230 et
925 3182 1228 3245 populorum
1256 3182 1365 3232 Ita-

307 3262 412 3310 liae.
479 3260 617 3308 Vide
639 3260 747 3308 Cic.
773 3260 821 3307 in
846 3259 1010 3308 Bruto
1034 3261 1194 3322 §294

370 3345 394 3372 ⁶
430 3337 490 3386 ln
515 3336 756 3400 procinctu
776 3333 1130 3397 testamentum]
1167 3335 1366 3384 Milites

306 3413 532 3464 Romani
578 3414 811 3477 praelium
851 3411 1169 3461 commissuri
1203 3411 1366 3460 tribue

305 3490 607 3554 pluribusve
640 3490 743 3538 suis
776 3487 1201 3538 commilitonibus
1224 3487 1367 3537 andi-

304 3567 516 3616 entibus
558 3564 813 3614 liaeredem
850 3564 1198 3619 nominabant,
1241 3572 1298 3613 ut
1323 3565 1365 3613 si

305 3642 559 3693 caderent
594 3643 644 3691 in
681 3641 876 3704 proelio,
903 3646 1211 3691 testamento
1243 3655 1364 3690 con·

305 3720 425 3771 dito
474 3727 816 3771 morerentur.
882 3712 946 3766 Id
997 3725 1363 3768 testamentum

303 3799 393 3848 ‘iu
439 3794 742 3860 procinctu’
794 3795 1097 3857 vocabatur,
1139 3807 1253 3843 cum
1298 3794 1363 3843 ad

303 3872 544 3938 proelium
588 3872 808 3922 accincti
842 3872 1029 3921 milites
1070 3871 1192 3919 nihil
1225 3869 1362 3920 aliud

305 3950 403 3999 nisi
427 3963 613 4014 pugnae
643 3949 844 4013 siguum
873 3953 1173 4013 expectant.
1227 3946 1363 3997 Vide

304 4026 449 4076 Gelu.
475 4039 570 4074 xv.
592 4030 675 4075 2⁷.
783 4052 794 4061 ·

369 4101 391 4136 ¹
417 4100 537 4152 Sine
551 4102 674 4152 libra
688 4106 828 4164 utque
848 4092 1045 4164 tribulis]
1070 4098 1225 4150 Aliud
1247 4106 1362 4148 erat

303 4181 607 4233 testamenti
633 4193 791 4243 genus
815 4192 909 4240 per
941 4176 1150 4227 familiae
1186 4191 1362 4226 emau-

303 4257 616 4326 cipationcm
636 4274 652 4318 ;
673 4269 775 4321 quo
792 4253 1164 4318 paterfamilias
1183 4253 1363 4319 imagi-

1445 2950 1589 3001 naria
1626 2941 1924 3001 venditione
1960 2949 2046 3012 jus
2078 2963 2226 2999 omne
2257 2963 2404 2998 suum
2444 2963 2506 2999 ac

1445 3028 1581 3077 bona
1605 3024 1954 3076 transferebat
1978 3026 2027 3074 in
2051 3027 2222 3075 alium.
2271 3025 2326 3075 Is
2352 3039 2506 3088 porro

1446 3106 1577 3155 ritus
1598 3113 1744 3154 erata
1779 3103 2018 3168 Quinque
2043 3103 2256 3152 testibus
2280 3116 2340 3151 ac
2362 3102 2506 3151 libri-

1446 3183 1618 3245 pende
1629 3180 1975 3245 praeaentibus
1991 3179 2194 3229 futurus
2211 3180 2370 3228 heres
2382 3180 2505 3227 ima·

1446 3258 1633 3322 ginarii
1676 3257 1831 3321 pretii
1866 3257 2069 3306 nomine
2091 3271 2345 3305 nummum
2369 3271 2505 3306 aene·

1447 3350 1530 3385 um
1565 3334 1723 3383 dabat
1747 3333 2123 3397 patrifamilias,
2145 3348 2206 3382 ac
2240 3334 2504 3385 solennem

1448 3411 1720 3461 verborum
1778 3406 2051 3460 formulam
2107 3409 2503 3472 pronuntiabam

1447 3489 1463 3516 ‘
1488 3488 1654 3550 Hujus
1677 3501 1776 3550 ego
1798 3485 2062 3544 familiam,
2083 3499 2197 3548 quae
2220 3485 2342 3533 mihi
2365 3492 2505 3535 emta

1447 3572 1528 3613 est
1556 3565 1654 3614 boc
1691 3578 1794 3611 aere
1817 3575 2061 3624 aeneaque
2085 3561 2212 3610 libra
2233 3563 2357 3624 jure
2379 3563 2504 3614 Qui·

1445 3644 1639 3699 ritium,
1665 3640 1827 3692 meam
1852 3655 1967 3690 esse
1983 3639 2100 3690 aio.'
2165 3641 2374 3691 Deinde
2397 3656 2503 3690 aere

1447 3719 1744 3782 percutiens
1786 3717 1986 3772 libram,
2041 3716 2166 3765 illud
2217 3731 2288 3765 vs
2342 3716 2506 3766 dabat

1445 3793 1829 3860 patrifamilias,
1885 3793 1974 3858 qui
2024 3799 2130 3842 tum
2179 3791 2503 3841 baereditatis

1445 3872 1700 3922 adeundae
1716 3872 1803 3935 jus
1826 3871 2008 3920 emtori
2043 3868 2386 3919 concedebat.
2448 3868 2502 3918 Is

1444 3959 1617 3999 autem
1641 3950 1726 4013 qui
1764 3948 1987 4007 emebat,
2021 3946 2301 3996 vocabatur
2333 3953 2503 3995 emtor

1443 4022 1688 4084 familiae3
1712 4038 1877 4088 eaque
1898 4028 2206 4072 testamenta
2227 4023 2280 4073 in
2309 4024 2500 4073 tabulis

1441 4099 1820 4149 scribebantur.
1853 4100 2082 4148 Tertium
2099 4098 2395 4149 testamenti
2410 4114 2498 4163 ge·

1441 4191 1538 4226 nus
1573 4176 1755 4226 calatis
1788 4175 2010 4225 comitiis
2034 4174 2087 4224 in
2113 4175 2287 4238 populi
2323 4176 2497 4227 couci·

1443 4268 1543 4307 one
1565 4251 1756 4305 fiebat:
1779 4252 1988 4304 consule
2010 4251 2235 4302 Gellium
2258 4251 2385 4304 ibid.
