3020 4942
526 359 659 425 894

527 520 672 586 nlla
700 517 978 583 scientia
994 518 1164 602 juris
1190 515 1392 581 audet
1420 514 1736 581 accedere
1754 518 1787 579 ‘l
1874 517 2055 598 Quae
2083 519 2311 602 potuit
2327 518 2532 602 igitur
2559 539 2707 586 aese

532 642 744 689 causa
785 622 1015 707 maior,
1054 641 1256 705 qnam
1287 620 1474 684 iuius
1510 621 1763 698 militis,
1804 621 1893 685 de
1929 622 2125 706 cujus
2164 630 2381 687 morte
2409 643 2560 687 enm
2593 624 2707 688 do-

527 746 712 792 mum
737 724 956 790 falsus
997 725 1086 789 ab
1126 723 1421 788 exercitu
1462 723 1734 788 nuntius
1765 725 2093 802 venisset,
2126 732 2197 790 et
2226 731 2420 809 pater
2446 728 2613 811 ejus,
2647 747 2715 790 re

529 829 809 906 credita,
867 833 1334 896 testamentum
1376 834 1732 906 mutasset,
1783 834 1853 892 et
1899 848 2096 912 quem
2140 830 2202 893 ei
2249 831 2469 892 visum
2510 838 2713 899 esset,

526 933 799 997 fecisset
819 929 1203 1010 haeredem?
1232 936 1547 1014 essetque
1569 931 1718 1014 ipse
1741 941 2085 1013 mortuus;
2114 952 2221 996 res
2243 931 2468 996 delata
2489 939 2595 996 eat
2624 932 2711 995 ad

527 1035 995 1111 centumvir-oe,
1023 1054 1173 1099 eum
1205 1034 1399 1097 miles
1430 1033 1706 1098 domum
1736 1036 2121 1113 revenisset,
2153 1037 2533 1117 egissetque
2563 1036 2715 1115 lege

525 1139 595 1202 in
634 1137 1097 1203 haereditatem
1136 1143 1479 1221 paternam
1512 1138 1940 1220 [testamento
1980 1137 2284 1202 exhaeres
2325 1136 2589 1217 filius]‘l
2609 1138 2639 1210 ἔ
2662 1145 2714 1174 ¹⁰

527 1240 793 1324 Nempe
835 1240 902 1304 in
951 1261 1034 1304 ea
1080 1260 1287 1305 causa
1329 1241 1691 1325 quaesitum
1721 1249 1826 1306 est
1854 1241 1939 1305 de
1977 1241 2133 1325 jure
2162 1240 2373 1320 civili,
2402 1244 2717 1324 possetne

523 1351 956 1428 patemornm
978 1345 1297 1408 bonorum
1326 1344 1630 1407 exhaeres
1662 1364 1816 1407 esse
1838 1343 2040 1424 filine,
2065 1364 2263 1427 quem
2295 1351 2488 1427 pater
2510 1350 2706 1407 testa-

526 1454 758 1510 mento
789 1466 1009 1529 neque
1038 1445 1448 1523 haeredem,¹¹
1496 1465 1714 1530 neque
1737 1445 2567 1528 exhaeredem-scripsisset
2594 1465 2709 1509 no-

524 1552 914 1615 minatim‘v
1005 1564 1307 1615 xxxlx.
1353 1548 1499 1613 176.
1544 1548 1728 1628 Quid
1749 1551 1785 1614 'l
1810 1569 1943 1633 qua
1972 1549 2064 1613 de
2083 1542 2191 1613 ref
2228 1549 2397 1614 iuter
2425 1547 2711 1611 Marcel-

522 1653 634 1718 los
656 1662 724 1719 et
752 1652 1080 1718 Claudios
1108 1652 1433 1737 patricios
1456 1657 1478 1687 ¹
1501 1652 1899 1718 centumviri
1915 1651 2336 1736 judicarunt,
2359 1670 2513 1715 cum
2532 1648 2709 1714 Mat-

1293 372 1366 418 M.
1417 371 1485 419 ·1'.
1535 372 1938 422 nicanorus

537 1809 542 1818 ’
588 1821 615 1857 ⁶¹
646 1823 936 1886 Repetiisset
959 1829 1160 1886 paterna
1180 1824 1299 1871 hona
1314 1837 1419 1887 qna
1438 1824 1542 1886 lege
1561 1822 1732 1920 etjure
1751 1836 1844 1871 sua
1859 1825 2014 1908 aaut,
2034 1825 2176 1887 utque
2191 1823 2442 1883 paternum
2462 1822 2710 1867 testamen·

524 1893 627 1938 tum
648 1890 842 1938 irritum
862 1903 959 1939 esse
975 1889 1384 1953 pronuntiaretur.

1429 1965 1891 1989 0000000000000

524 2063 558 2107 9
594 2059 769 2108 Lamb.
794 2071 860 2120 ap
865 2056 1055 2107 ..Orell
1088 2057 1319 2108 hoeredem
1339 2054 1555 2115 fecisset.
1619 2055 1763 2114 Mox,
1784 2057 1945 2106 delata
1963 2062 2083 2106 esset
2103 2054 2213 2106 Erl.
2233 2059 2279 2105 1.
2283 2059 2411 2104 -10
2434 2053 2711 2105 Lambinus

526 2126 748 2181 censuit,
769 2123 881 2171 haee
901 2123 1003 2172 tria
1025 2123 1183 2171 verba
1204 2123 1423 2170 delenda
1439 2137 1584 2181 esse;
1610 2125 1833 2170 testatus
1857 2131 1939 2171 est
1960 2122 2116 2177 idem,
2138 2137 2200 2170 ea
2222 2121 2288 2170 ab
2304 2135 2403 2169 uno
2427 2121 2546 2170 co‘d.
2567 2134 2712 2183 quem

524 2190 676 2252 vidit,
707 2158 907 2238 abesse.
975 2187 1185 2237 Habent
1215 2185 1325 2236 fere
1349 2201 1528 2236 omues
1553 2156 1707 2235 c'odd.
1732 2187 1878 2249 regii.
1947 2188 2094 2243 Mox,
2123 2188 2302 2249 Nempe
2324 2185 2474 2235 deest
2506 2188 2559 2234 in
2586 2185 2713 2235 Pall.

526 2254 742 2314 duobus,
766 2254 1084 2316 totidemque
1104 2253 1388 2304 Gallicanis
1412 2268 1498 2318 ap·
1483 2251 1665 2302 ..G-rut
1722 2252 1785 2302 Id
1806 2254 2063 2317 expunxit
2085 2252 2236 2302 Mull.
2239 2256 2368 2302 -tl
2394 2252 2518 2302 Duo
2543 2252 2721 2312 verba,

522 2330 669 2383 neque
688 2320 940 2380 haeredem,
962 2320 1186 2367 desunt
1174 2332 1226 2368 in
1249 2319 1408 2368 Er¹21

465 2435 469 2443 ,
591 2386 954 2435 CAP.xxx1x.
986 2389 1010 2434 1
1050 2385 1171 2433 Seli.
1195 2400 1281 2445 ap.
1304 2350 1467 2433 Orell.
1491 2381 1620 2431 inter
1651 2382 1876 2431 Claudios
1908 2382 2163 2431 Marcellos
2194 2387 2243 2431 et
2269 2380 2531 2444 patriciam
2569 2380 2717 2431 Mun

524 2460 665 2515 susp.
683 2450 813 2501 inter
842 2450 1097 2501 Marcellos
1128 2449 1353 2500 Claudios
1383 2454 1429 2499 et
1460 2452 1591 2513 patr.
1656 2448 1784 2499 Mox
1805 2450 1954 2498 dandi
1972 2448 2150 2514 patrici
2172 2449 2381 2513 legitur,
2403 2461 2503 2513 pro
2527 2446 2718 2497 Claudii

1515 2547 1730 2598 NOTAE

585 2646 614 2679 θ.
639 2637 920 2702 Ser-ipsimi
960 2637 1263 2703 nominatim]
1298 2637 1448 2695 Filio,
1491 2637 1580 2703 qui
1650 2637 1844 2700 justam
1865 2616 1976 2688 eam
1999 2639 2299 2688 servitutem
2321 2636 2483 2687 fuisse
2508 2643 2721 2687 conten·

521 2714 575 2764 in
617 2715 881 2778 potestate
926 2725 1026 2780 est,
1069 2715 1582 2780 praeterito,'i‘nquit
1658 2715 1880 2781 debant,
1921 2716 1991 2764 ob
2037 2732 2190 2782 qnam
2236 2716 2360 2780 jure
2410 2714 2718 2779 gentilitatis

522 2791 683 2840 Caius
712 2791 1144 2857 jurisconsultus,-
1166 2793 1345 2842 inutile
1368 2801 1450 2842 est
1475 2799 1579 2841 teu⁶

519 2859 805 2917 tamentum
830 2885 848 2918 x
890 2868 1050 2919 debet
1092 2869 1227 2919 enim
1274 2868 1579 2917 nominatim

522 2944 778 3008 appellari
797 2959 912 2995 eum
935 2946 1000 2994 ab
1023 2944 1327 2995 haereditate
1346 2943 1579 2999 excludi·

520 3026 631 3083 tur,
673 3022 902 3087 alioquin
936 3021 1178 3085 legitime·
1206 3036 1306 3071 nou
1347 3021 1455 3072 erit
1487 3035 1580 3070 ex·

520 3097 703 3147 haeres.
863 3109 867 3115 ⁴

587 3171 618 3204 ¹⁸*
638 3174 770 3230 Quid
782 3178 803 3223 .⁹
822 3190 914 3238 qua
932 3176 991 3223 de
1012 3174 1101 3237 re}
1125 3174 1229 3224 Res
1251 3174 1366 3224 haee
1386 3183 1503 3224 erat
1525 3173 1578 3223 in

519 3251 885 3299 controversia.
941 3251 1100 3299 Filius
1121 3251 1298 3300 liberti
1316 3250 1581 3314 cujusdam

519 3340 550 3376 e
590 3325 924 3376 Claudiorum
966 3324 1161 3375 familia
1205 3329 1454 3378 intestato
1489 3327 1580 3376 de·

520 3404 704 3454 cessit.
770 3405 894 3469 Ejus
927 3404 1203 3454 haereditas
1234 3406 1438 3454 redibat
1464 3404 1581 3470 lege

465 3484 470 3492 “
518 3480 588 3530 ad
630 3476 893 3531 Claudios.
960 3481 1061 3531 Sed
1095 3476 1429 3533 Claudiorum
1462 3483 1583 3532 duae

518 3555 728 3608 familiae
747 3567 929 3608 erautz
968 3561 1135 3608 altera
1158 3560 1396 3623 patricia,
1412 3561 1581 3609 altera

518 3634 722 3698 plebeia
742 3653 757 3696 ;
782 3645 1006 3700 utraque
1026 3637 1357 3687 nobilissima.
1425 3638 1582 3688 Clau-

519 3711 593 3761 dii
634 3712 862 3779 patricii,
893 3713 1102 3762 Pulchri
1144 3713 1498 3777 vocabantur(
1521 3723 1587 3766 ut

519 3794 670 3838 notat
693 3789 947 3838 Asconius
966 3805 983 3850 ς
1008 3790 1220 3853 plebeii,
1242 3791 1482 3840 Marcelli
1505 3791 1579 3840 di·

520 3866 772 3916 cebautur
792 3883 805 3916 ε
833 3868 1043 3932 utrique
1066 3867 1132 3917 de
1151 3868 1250 3917 ista
1273 3868 1581 3923 haereditate

522 3942 815 4012 certabant.
880 3943 950 3992 Et
969 3944 1193 4004 patricia
1221 3942 1434 4008 quidem
1453 3952 1593 4008 gensi

523 4017 853 4067 Claudiorum
891 4019 992 4067 sibi
1025 4020 1384 4069 haereditatem
1419 4021 1580 4071 vindi·

522 4092 678 4142 cahat
705 4095 826 4156 jure
853 4097 1178 4162 gentilitatis,
1216 4098 1339 4162 quia
1361 4099 1584 4149 libertus

521 4169 620 4218 iste
643 4183 670 4217 e
700 4180 851 4234 gente
883 4172 1100 4221 Claudia
1137 4176 1286 4224 erat:
1330 4183 1385 4225 et
1409 4191 1585 4240 quam·

523 4247 600 4296 vis
636 4247 943 4298 servitutem
973 4250 1257 4315 servilem,
1294 4259 1468 4302 tamen
1508 4253 1588 4302 in-

1659 2793 1856 2857 privari
1901 2807 2052 2842 nemo
2105 2800 2214 2842 tum
2267 2800 2496 2855 poterat.
2567 2791 2714 2840 Clau·

1662 2871 1862 2921 diorum
1909 2883 2032 2934 gens
2075 2869 2297 2933 plebeia,
2343 2870 2431 2934 qui
2478 2867 2721 2918 Marcelli

1661 2947 1990 3008 dicebantur,
2027 2945 2243 2997 eandem
2288 2945 2386 2994 sibi
2424 2943 2720 2994 vindicabat

1659 3024 2040 3080 haereditatem,
2063 3036 2164 3072 nou
2181 3022 2303 3086 jure
2321 3021 2533 3086 quidem
2557 3021 2720 3083 genti·

1661 3101 1848 3161 litatis,
1878 3100 2003 3165 quia
2019 3099 2262 3149 libertum
2280 3100 2476 3162 justam
2501 3099 2719 3149 servitu·

1662 3187 1784 3239 tem,
1813 3191 1915 3243 qua
1935 3175 2245 3241 gentilitatis
2256 3175 2343 3239 jus
2365 3176 2720 3230 mittebatur,

1660 3253 1903 3303 serviisse
1946 3252 2207 3312 dicebaut,
2240 3253 2332 3302 sed
2369 3252 2492 3315 jure
2529 3253 2723 3316 stirpis,

1662 3331 1783 3394 quia
1804 3330 2026 3380 libertus
2057 3330 2156 3378 iste
2185 3337 2297 3378 erat
2324 3344 2354 3378 e
2380 3330 2545 3394 stirpe
2569 3330 2723 3379 Clau-

1659 3407 1882 3468 diorum,
1903 3407 2042 3471 quod
2068 3407 2157 3473 jus
2192 3407 2368 3470 stirpis
2390 3421 2492 3456 nou
2518 3408 2722 3457 amitte-

1662 3484 1851 3539 batur..
1872 3489 1930 3532 ut
1964 3484 2052 3547 jus
2097 3484 2426 3546 gentilitatis,
2468 3484 2725 3533 servitute

1664 3560 1821 3609 etiam
1843 3556 2010 3621 justa,
2029 3559 2218 3624 capitis
2242 3558 2601 3615 diminutione,
2635 3557 2721 3607 ad·

1659 3637 1896 3702 optione,
1963 3639 2069 3688 dte.
2147 3636 2399 3701 Idemque
2437 3636 2527 3699 jus
2578 3638 2723 3687 certa

1661 3714 1728 3763 de
1774 3726 1932 3763 causa
1985 3714 2249 3764 Marcellis
2299 3712 2462 3775 magis
2516 3709 2725 3762 favebat

1661 3806 1815 3856 quam
1861 3791 2129 3853 Puleliris3
2176 3790 2296 3856 quia
2335 3805 2383 3839 v.
2421 3806 2465 3853 g.
2505 3792 2723 3842 liberans

1660 3867 1783 3929 iste,
1826 3870 1953 3918 licet
1992 3868 2059 3918 ab
2103 3868 2279 3930 Appio
2316 3867 2554 3923 Claudio,
2589 3867 2726 3916 unde

1662 3960 1840 3995 onmes
1881 3945 2089 4001 Claudii
2122 3954 2292 4000 erant,
2315 3945 2609 4008 stirpemet
2639 3959 2723 4007 ge·

1665 4036 1758 4072 nus
1783 4021 2017 4082 duceret,
2057 4028 2230 4072 tamen
2270 4022 2539 4073 Marcellis
2562 4023 2725 4085 stirpe

1668 4099 1879 4162 propior
1911 4103 2024 4147 erat
2072 4113 2224 4162 quam
2268 4097 2528 4147 Pulchris.
2595 4097 2728 4151 Ham

1669 4177 1814 4236 origo
1835 4172 1939 4221 litis
1957 4187 2017 4222 ae
2036 4172 2242 4225 dissidii
2260 4174 2397 4224 iuter
2418 4173 2723 4225 Claudios.et

1667 4251 1961 4302 Marcello&
