3020 4942
549 365 680 430 996
1315 378 1398 425 M.
1434 378 1508 425 T.
1530 380 1535 387 ·
1557 376 1958 425 olcnnoms

551 528 638 593 ab
682 528 815 591 isto
854 523 1349 608 objiciebantur,
1383 521 1939 600 cumssconfiteren
1968 526 2186 585 tamen
2224 519 2310 583 ab
2342 519 2460 584 illo
2492 520 2710 605 majes-

550 637 757 695 tatem
794 628 1168 691 miuutam⁵
1214 623 1616 705 negabamz⁶
1660 643 1750 686 ex
1794 624 2187 706 quo-verbo,
2217 623 2357 704 lege
2388 621 2715 706 Apuleia?

550 738 696 795 tota
740 729 858 794 illa
901 745 1111 791 causa
1154 724 1501 810 pendebat.
1587 722 1737 790 108.
1783 725 2014 809 Atque
2055 724 2122 788 in
2149 725 2274 788 hoc
2306 743 2536 806 genere
2568 745 2716 789 cau-

552 854 771 898 sarum
818 831 1105 895 nonnulli
1149 828 1568 912 praecipiunt,
1597 833 1672 891 ut
1712 829 1977 892 verbum
2024 828 2212 904 illud,
2241 828 2420 911 quod
2446 847 2721 895 causam

548 936 761 1012 facit:
789 934 1011 998 lucide
1037 933 1456 1013 breviterque
1484 929 1811 995 definiat.⁶
1880 929 2081 1009 Quod
2113 931 2271 994 mihi
2293 928 2556 1014 quidem
2581 950 2721 1013 per-

546 1057 748 1121 quam
778 1035 1029 1119 puerile
1058 1034 1266 1098 videri
1303 1033 1510 1097 solet:
1542 1032 1820 1095 aliaest
1846 1032 2071 1110 enim,e
2101 1052 2253 1096 cum
2281 1033 2447 1096 inter
2486 1032 2724 1097 doctos

546 1141 871 1204 homines.
896 1138 1002 1202 de·
1025 1137 1112 1201 iis
1152 1135 1322 1219 ipsis
1367 1135 1590 1213 rebus,
1615 1154 1772 1217 quae
1806 1143 2146 1200 versantur
2174 1135 2241 1199 in
2281 1134 2561 1210 artibus,
2594 1135 2723 1200 dis·

547 1249 841 1325 putatur,
894 1241 1250 1305 verborum
1298 1237 1630 1302 definitio:
1696 1247 1790 1312 ut,
1842 1257 1994 1301 cum
2045 1237 2380 1321 quaeritur,
2428 1237 2595 1319 quid
2643 1237 2725 1302 sit

546 1363 680 1422 ατε,
711 1342 868 1428 quid
915 1344 1003 1407 sit
1031 1343 1166 1419 lex,
1203 1341 1365 1426 quid
1397 1341 1486 1405 sit
1516 1340 1784 1407 civitas.
1873 1340 1952 1403 In
1983 1342 2228 1423 quibus
2259 1340 2386 1403 hoc
2418 1339 2725 1424 praecipit

542 1447 712 1510 ratio
753 1452 957 1528 atque
995 1443 1316 1519 doctrina,
1346 1450 1421 1506 ut
1452 1443 1555 1506 vis
1589 1442 1737 1525 ejus
1767 1442 1880 1518 rei,
1913 1461 2109 1526 quam
2140 1441 2451 1519 definiaS,
2482 1442 2587 1506 sic
2617 1460 2724 1505 ex-

543 1548 886 1631 primatur,
914 1553 987 1611 ut
1028 1562 1246 1631 neque
1290 1546 1470 1609 absit
1509 1545 1901 1628 quidquam,
1930 1564 2138 1628 neque
2180 1544 2490 1628 supersit.
2581 1544 2721 1609 109.

606 1753 631 1788 ὅ
666 1755 910 1815 Negabam
926 1771 956 1804 α
981 1755 1204 1804 Norbano
1224 1756 1385 1804 lesam
1411 1768 1636 1815 essepop.
1663 1753 1798 1802 Rom.
1821 1752 2128 1817 majestatem,
2150 1767 2237 1817 quo
2263 1752 2402 1802 verbo
2422 1754 2505 1803 lex
2527 1754 2722 1818 Apulei«

539 1820 781 1877 utebatur,
805 1825 851 1868 et
873 1834 934 1868 ex
954 1836 1044 1882 quo
1071 1819 1286 1869 Norbani
1305 1833 1444 1867 causa
1462 1819 1709 1881 pendebat.

599 1893 629 1918 ⁴
662 1886 722 1933 In
741 1900 829 1948 quo
850 1885 1127 1948 explicando
1150 1890 1251 1933 tota
1271 1885 1588 1933 controversia
1605 1882 1827 1932 vertitur.

1455 2028 1514 2049 Ν
1518 2028 1811 2049 OOOOOOOOOO

543 2137 572 2180 δ
610 2138 624 2160 ‘
647 2129 739 2180 'Sic
762 2136 982 2194 quatuor
1005 2130 1156 2178 codd.
1181 2130 1353 2180 Oxou.
1375 2130 1606 2195 itemque
1630 2130 1807 2178 Mead.
1834 2134 1890 2178 et
1922 2129 2072 2177 Harl.
2095 2127 2234 2177 duo?
2267 2128 2440 2177 Pearc.
2504 2129 2719 2178 iuvamina·

538 2203 640 2245 tam
652 2196 806 2247 ,Iu-ut.
827 2196 1009 2246 Lamb.
1025 2195 1283 2245 Grut.—6
1315 2198 1332 2224 ⁴
1351 2195 1527 2244 Lucida
1552 2196 1843 2257 breviterque
1860 2193 2083 2257 definiat]
2118 2193 2364 2242 Pearcius
2388 2192 2554 2244 edidit
2579 2195 2721 2243 brevi-

543 2267 706 2322 terque
727 2265 954 2324 uter-qum
988 2261 1119 2323 quod
1145 2275 1244 2324 ego
1269 2261 1661 2309 ciceronianum
1687 2274 1788 2308 nou
1828 2273 2066 2322 agnosco.
2133 2258 2239 2307 Cur
2273 2272 2375 2306 nou
2410 2262 2588 2321 potius
2613 2275 2719 2308 cum

543 2326 665 2373 edd.
691 2340 765 2388 pr.
789 2327 897 2374 sine
919 2327 1100 2386 ,lucida
1132 2325 1341 2374 breviter
1360 2324 1590 2388 uterque?
1623 2326 1665 2373 si
1708 2334 1876 2374 tamen
1909 2331 2109 2387 uterque
2142 2338 2354 2373 necesse
2396 2326 2484 2372 sit.
2551 2325 2721 2373 Lucide

541 2390 693 2439 a‘best
717 2399 771 2439 et
796 2405 826 2439 a
848 2392 948 2439 Ms.
971 2391 1036 2439 E.
1058 2390 1149 2439 sed
1176 2390 1329 2439 etiam
1363 2396 1590 2453 uterque.-
1622 2399 1678 2439 et
1714 2404 1872 2453 quare
1908 2394 2100 2452 uterque
2138 2388 2380 2448 addatur,
2417 2403 2519 2438 nou
2559 2390 2722 2451 video,

542 2471 658 2505 eum
683 2456 734 2504 id
757 2457 987 2520 nuspiam
1009 2456 1061 2505 iu
1079 2456 1175 2505 hoc
1201 2463 1463 2518 praecepto
1488 2455 1599 2505 fiat.
1649 2455 1711 2504 Iu
1734 2454 1929 2521 definiat
1952 2455 2046 2504 int.
2069 2463 2232 2512 actor,
2254 2461 2449 2511 orator,
2477 2455 2563 2518 qui
2582 2454 2717 2505 dicit.

542 2523 594 2570 Si
616 2537 765 2585 quem
783 2531 951 2571 tamen
965 2522 1068 2570 hoc
1091 2519 1342 2581 offendat,
1366 2522 1501 2583 quod
1526 2520 1726 2585 definiat
1752 2522 1823 2570 ita
1840 2519 1984 2569 nude
2017 2521 2242 2583 ponitur,
2267 2521 2409 2583 legat
2431 2519 2717 2585 definiatur-3

541 2588 749 2636 Ernest.
811 2588 964 2636 lucide
986 2587 1273 2649 breviterque
1295 2586 1555 2651 definiatur
1579 2601 1708 2633 unus
1734 2585 1898 2635 codex
1924 2599 2007 2648 ap.
2028 2584 2179 2635 Grut·
2197 2586 2410 2635 Lal'lem.
2432 2592 2490 2634 et
2512 2586 2716 2635 Scltutz.

539 2653 693 2702 lucide
704 2668 723 2709 ‚·
754 2652 978 2706 absolute,
1001 2652 1206 2701 breviter
1226 2657 1417 2715 uterque
1437 2651 1634 2715 definiat
1657 2649 1834 2700 Guelf.
1855 2654 1905 2698 2.
1928 2661 1987 2698 ut
2024 2650 2096 2698 ait
2133 2650 2339 2700 Schutz.
2363 2653 2417 2698 in
2441 2650 2527 2699 ed.
2548 2655 2598 2700 2.
2631 2650 2715 2699 sed

533 2718 583 2765 is
608 2718 781 2781 babet,
806 2724 941 2767 teste
963 2716 1127 2776 Qrell.
1151 2719 1273 2780 quod
1292 2732 1480 2766 oausam
1497 2716 1636 2776 *facit
1669 2716 1878 2765 absolute
1911 2714 2116 2767 breviter
2150 2720 2342 2779 uterque
2377 2714 2598 2781 definiat,
2630 2715 2716 2766 ubi

1524 2877 1737 2928 NOTAE

593 2977 625 3010 ἢ
657 2977 785 3040 Lege
807 2976 1028 3040 Apuleia]
1063 2976 1127 3026 A.
1144 2969 1218 3027 Ὀ.
1243 2977 1306 3026 C.
1327 2981 1442 3027 652.
1466 2985 1590 3026 ante
1670 2975 1890 3040 cognitis
1920 2976 2227 3040 penitusque
2254 2977 2562 3040 perspectis,
2585 2984 2640 3025 et
2668 2977 2717 3025 iu

535 3058 661 3110 chr.
687 3058 872 3106 1021..
893 3056 1140 3117 Apuleius
1163 3056 1471 3105 Saturninus
1492 3056 1589 3103 tri·
1668 3057 1827 3101 unnim
1863 3054 2056 3102 exitum
2096 3052 2472 3114 spectantibus,
2505 3062 2560 3102 et
2599 3068 2717 3102 nuu-

539 3132 705 3183 bunus
740 3131 902 3194 plebis
933 3132 1099 3195 legem
1123 3131 1189 3180 de
1213 3132 1483 3194 majestate
1508 3139 1590 3181 tu·

530 3209 617 3265 lit,
639 3214 695 3257 ut
713 3208 925 3271 conjicit
945 3208 1182 3270 Pighius,
1199 3209 1466 3258 occasione
1480 3222 1589 3257 mo·

539 3292 681 3334 tuum
718 3285 805 3348 qui
840 3284 1016 3333 Romae
1050 3284 1291 3332 concitati
1317 3292 1588 3345 sunt,cum

539 3360 732 3409 Cimbri
755 3359 1011 3421 superatis
1034 3358 1253 3422 Alpibus
1273 3360 1334 3408 ad
1351 3359 1587 3409 Athesim

528 3433 746 3484 *fluvium
771 3435 836 3485 Q.
860 3434 1030 3484 Catuli
1056 3437 1371 3496 proconsulis
1390 3436 1584 3485 exerci-

536 3519 643 3560 tum
682 3510 1004 3571 invaderent,
1045 3517 1099 3560 et
1134 3512 1330 3575 equites
1373 3512 1587 3561 Romani

537 3588 791 3652 praesidiis
813 3589 913 3637 suis
937 3587 1065 3650 pulsi
1089 3588 1280 3638 Urbem
1308 3587 1481 3651 pavidi
1505 3602 1586 3637 re·

530 3670 795 3728 peterent.
837 3681 840 3684 ·
864 3664 933 3712 Et
958 3672 1063 3712 tam
1089 3665 1227 3727 turpi
1251 3663 1373 3725 fuga
1400 3673 1452 3710 et
1476 3664 1589 3725 ipsa

523 3741 717 3790 civium
757 3740 1104 3803 trepidatione
1134 3742 1353 3789 maxime
1379 3739 1586 3789 videba-

526 3824 618 3867 'tur
642 3818 910 3867 imminuta
933 3831 1053 3880 pop.
1077 3816 1225 3865 Rom.
1251 3816 1505 3878 majestas·

595 3901 616 3926 0
649 3893 763 3943 Alia
797 3898 869 3941 est
905 3892 1048 3956 enim,
1081 3891 1186 3954 &cuj
1226 3893 1352 3941 Cum
1388 3892 1453 3940 de
1492 3890 1583 3940 ali-

525 3984 633 4033 qua
673 3984 729 4018 re
770 3969 910 4017 *inter
947 3983 1003 4016 se
1046 3967 1341 4031 disceptant
1379 3966 1583 4021 eruditi,

521 4043 662 4092 adeo
717 4050 1013 4093 accuratam
1065 4043 1313 4094 adhibent
1361 4043 1584 4094 defiuiti-

530 4134 701 4179 onem,
725 4126 781 4167 ut
816 4133 984 4183 neque
1019 4120 1155 4168 desit
1182 4121 1471 4184 quicquam,
1496 4134 1582 4169 ne·

519 4208 632 4259 «que
667 4195 908 4257 supersit.
976 4195 1044 4243 V.
1069 4210 1120 4258 g.
1144 4204 1310 4245 artem
1335 4194 1583 4264 definient

1671 3143 1822 3191 quam
1862 3127 2157 3177 fallentibus
2196 3128 2347 3177 rebus
2390 3125 2717 3180 continetur?

1671 3202 1866 3267 Legem
1904 3203 2080 3253 dicent
2113 3217 2225 3252 esse
2256 3206 2488 3266 regulam
2511 3220 2720 3268 morum,

1670 3281 1930 3345 stabilem,
1968 3295 2033 3332 ex
2081 3280 2356 3344 superioris
2408 3284 2716 3332 auctoritate

1669 3357 2036 3408 consociationi
2082 3357 2337 3406 hominum
2382 3366 2541 3422 atque
2586 3374 2717 3410 com·

1668 3435 1907 3483 munitati
1950 3434 2015 3483 ad
2058 3434 2218 3498 ipsius
2270 3434 2459 3484 bonum
2513 3436 2717 3499 imposi-

1666 3519 1807 3561 tam:
1841 3512 2077 3561 civitates
2098 3512 2433 3574 appellabunt
2451 3521 2616 3561 coetus
2637 3511 2720 3561 ho-

1668 3587 1994 3652 minumjure
2015 3588 2257 3637 sociatos.
2310 3588 2512 3637 Verum
2538 3589 2587 3637 iu
2609 3587 2716 3637 foro

1664 3663 1731 3712 ad
1765 3663 2105 3712 multitudiuis
2130 3670 2335 3727 captum
2368 3662 2530 3712 fusius
2555 3664 2715 3727 expli·

1666 3746 1850 3790 cantur
1874 3738 2239 3789 definitiones.
2322 3738 2590 3803 Ejusmodi
2640 3747 2715 3789 est

1663 3815 1823 3867 Tullii
1857 3816 1922 3865 de
1958 3818 2084 3879 Leg.
2114 3817 2231 3865 ’1.11.
2261 3819 2287 3881 §
2315 3820 2392 3865 13.
2426 3816 2555 3880 legis
2592 3816 2711 3865 defi·

1664 3894 1820 3943 nitio:
1857 3895 1874 3921 ⁴
1891 3895 2001 3943 Lex
2017 3901 2096 3942 est
2104 3893 2364 3957 justorum
2385 3893 2454 3957 inj
2464 3902 2711 3943 ustorum-

1664 3984 1763 4035 que
1784 3969 2045 4018 distinctio
2065 3969 2128 4018 ad
2154 3969 2289 4017 illam
2310 3969 2710 4032 antiquissimam

1649 4052 1720 4095 ’et
1740 4058 1907 4094 rerum
1926 4046 2146 4094 omnium
2160 4045 2448 4108 ,principem
2469 4060 2711 4109 expressa

1665 4128 1918 4176 naturam,
1938 4119 2002 4169 ad
2026 4135 2176 4184 quam
2205 4121 2342 4183 leges
2365 4121 2621 4172 homiuum
2641 4123 2707 4170 di-

1663 4197 1920 4259 riguntur,
1943 4210 2055 4259 quae
2080 4195 2333 4258 supplicio
2357 4197 2615 4259 improbos
2637 4196 2705 4245 af-

522 4278 590 4319 <ut
631 4268 742 4319 Cic.
783 4268 847 4317 de
889 4268 1040 4319 Orat.
1075 4270 1164 4323 lib.
1181 4285 1225 4319 ,1.
1248 4272 1375 4334 §92
1410 4278 1424 4300 ⁴
1450 4272 1582 4323 Quae
1654 4268 2173 4336 ficiunt,defendunt
2196 4279 2249 4322 et
2275 4279 2487 4323 tuentur
2518 4273 2704 4324 bonos?
