3020 4942
1029 378 1126 426 nn
1171 378 1555 441 onsroass,
1583 324 1710 427 in.
1756 362 1863 427 24.
2368 363 2541 429 1173

350 542 553 607 quam
603 541 758 586 cum
803 519 1033 586 Graeci
1066 519 1209 604 jam
1253 540 1386 585 non
1428 527 1770 598 tenerent:
1813 522 1903 586 ob
1947 539 2229 605 eamque
2260 541 2540 586 causam

340 627 666 709 juventus
694 631 918 689 nostra
947 623 1322 697 dedisceret
1350 604 1546 706 p'aene
1575 623 1923 702 discendo,
1956 626 2156 701 etiam
2189 624 2461 703 Latini‚⁰
2482 623 2544 687 si

350 728 501 792 Diis
524 725 803 811 placet‚¹’
832 727 962 791 hoc
985 727 1302 791 biennio?
1333 726 1634 806 magistri
1652 726 1921 791 dicendi
1942 727 2346 792 extiterunt:
2374 746 2542 810 quos

347 849 472 911 ego
504 849 738 894 censor
781 829 1004 893 edicto
1048 835 1239 893 meo⁰
1283 828 1765 908 sustuleram;⁷
1817 849 1955 893 non
1988 848 2124 912 quo
2169 830 2270 907 (ut
2314 829 2546 893 nescio

350 951 527 1015 quos
585 930 806 996 dicere
853 929 1153 1014 aiebant)
1198 932 1351 995 acui
1396 931 1663 1013 ingenia
1708 931 2234 996 adolescentium
2277 931 2544 1009 nollem,

349 1035 466 1098 sed
513 1041 750 1113 contra
807 1033 1071 1116 ingenia
1115 1033 1392 1097 obtundi
1454 1034 1663 1111 n‘olui,
1724 1034 2133 1099 corroborari
2191 1033 2541 1116 impuden-

349 1138 564 1201 tiam.⁹
647 1137 756 1201 94.
804 1137 984 1201 Nam
1016 1136 1196 1219 apud
1223 1134 1534 1214 Graecoe,
1566 1135 1682 1219 qui
1702 1135 2035 1219 ejusmodi
2060 1134 2332 1213 essent‚⁸
2365 1135 2543 1200 vide-

345 1240 503 1302 bam
551 1245 768 1305 tamen
800 1258 978 1316 esse,
1024 1248 1267 1322 praeter
1302 1237 1472 1302 hanc
1515 1239 2061 1302 exercitationem
2092 1237 2355 1320 linguae.
2389 1236 2547 1302 doc·
2599 1239 2604 1245 “

351 1343 578 1405 trinam
612 1342 906 1425 aliquam
939 1348 1003 1405 et
1030 1341 1506 1406 humanitatem
1542 1341 1805 1425 dignam
1840 1342 2121 1406 scientia
2141 1362 2159 1405 ι
2179 1349 2207 1390 9
2237 1340 2364 1405 hos
2390 1360 2546 1405 vero

347 1445 958 1528 novosmagistros
1003 1443 1163 1506 nihil
1212 1443 1667 1525 intelligebam
1715 1463 1917 1526 posse
1969 1443 2240 1518 docere,
2290 1442 2422 1506 nisi
2476 1448 2551 1507 ut

345 1546 740 1627 auderent?
790 1546 977 1630 quod
1027 1547 1231 1610 etiam
1285 1565 1436 1609 cum
1481 1547 1675 1609 bonis
1723 1546 1922 1609 rebus
1953 1534 2395 1628 conjunctum,
2433 1564 2548 1629 per

345 1667 422 1711 se
452 1650 674 1731 ipsum
708 1657 817 1712 est
858 1640 1261 1732 magnopere
1308 1648 1714 1731 fugiendum.
1806 1648 1968 1713 Hoc
1998 1667 2148 1712 cum
2178 1668 2383 1712 unum
2415 1654 2551 1711 tra·

311 1750 631 1828 deretur,
662 1762 726 1817 et
755 1772 907 1815 cum
941 1751 1368 1834 impudentiae
1402 1751 1642 1817 ludus*
1684 1760 1909 1828 essct;
1942 1751 2178 1834 putavi
2211 1769 2368 1813 esse
2396 1769 2546 1813 cen-

346 1853 545 1931 soriS,
587 1873 670 1925 ne
703 1856 970 1937 longius
1001 1855 1068 1919 id
1101 1861 1438 1938 serperet,‘
1470 1854 1904 1939 providere.¹0
1989 1854 2098 1918 95.
2139 1851 2548 1936 Quanquam

407 2029 434 2053 ’⁸
471 2023 592 2072 Cum
633 2024 797 2072 Groeci
829 2024 910 2088 qui
946 2023 1227 2073 rhetoricam
1267 2022 1432 2071 Romae
1467 2021 1710 2078 docebant,
1752 2021 1845 2072 toti
1888 2027 2043 2073 esseut
2086 2024 2138 2072 in
2180 2022 2355 2079 verbis,
2387 2026 2436 2072 et
2470 2036 2549 2071 res

342 2087 630 2137 omitterent.

408 2159 429 2182 ⁰
463 2153 598 2201 Novo
617 2169 673 2202 ac
695 2153 896 2207 ridiculo
916 2154 1155 2203 instituto.

404 2223 434 2256 Ρ
471 2217 734 2266 Postu-emis
753 2219 929 2268 duobus
948 2218 1104 2274 aunis,
1125 2216 1290 2281 quibus
1310 2230 1553 2266 censuram
1571 2217 1718 2278 gessi.

408 2290 433 2322 ‘1
468 2282 702 2343 Hebetari
732 2289 781 2331 et
814 2285 1132 2344 languescere,
1168 2285 1385 2345 occupari
1419 2283 1734 2331 adolescentes
1768 2281 2006 2332 discendis
2044 2280 2218 2346 verbis,
2253 2297 2358 2345 quoe
2394 2282 2545 2344 impu·

318 2364 321 2365 ⁷
345 2349 528 2402 denter,
562 2349 698 2410 quasi
717 2349 964 2396 admodum
981 2349 1128 2412 periti
1147 2353 1318 2408 essent,
1342 2347 1640 2411 effutiebant.

409 2418 432 2442 r
463 2411 680 2461 Audaces
701 2418 749 2460 et
770 2414 1060 2475 impudentes
1081 2413 1133 2462 iu
1153 2413 1350 2461 dicendo
1358 2413 1558 2477 fierent.

410 2479 427 2509 ⁸
460 2478 523 2526 Id
543 2478 709 2527 vitium
731 2480 1082 2528 extenderetur.
1346 2489 1356 2497 ’

1883 2419 1903 2444 ’
1936 2411 2124 2461 Schola.

1266 2573 1354 2592 ΟΝ
1359 2571 1632 2591 ΟθΜΟΜ

344 2672 431 2720 que
448 2657 655 2706 collectis
687 2658 795 2706 Eri.
819 2661 865 2705 l.
899 2672 1029 2706 nnus
1054 2656 1224 2708 Oxou.
1246 2654 1366 2704 edd.
1389 2660 1520 2703 vett.
1545 2661 1601 2703 nt
1621 2661 1675 2703 et
1693 2654 1834 2718 conj.
1858 2654 2168 2703 Sobata—'I
2204 2654 2312 2703 Eri.
2338 2660 2381 2702 l.
2417 2651 2547 2701 subs·

343 2723 659 2771 tuleram—8
693 2723 778 2771 Ita
810 2723 956 2785 Mag.
992 2722 1112 2770 edd.
1152 2730 1281 2770 vett.
1317 2721 1512 2769 Venet.
1546 2718 1765 2768 Mediol.
1809 2721 1934 2781 apud
1972 2720 2064 2768 Gr.
2100 2718 2357 2778 cuiusmodi
2392 2723 2547 2767 essent

344 2786 497 2837 codd.
520 2802 633 2836 cnm
656 2787 691 2838 J
698 2795 804 2837 unt.
825 2788 968 2837 Crat.
987 2788 1143 2837 Grut.
1158 2787 1369 2836 Schutz.
1417 2786 1542 2847 apud
1566 2784 1659 2835 Gr.
1674 2784 1955 2834 cuicuimodi
1974 2790 2128 2833 essent
2146 2784 2352 2833 Manut.
2371 2783 2551 2831 Lamb.

348 2854 538 2901 Pearc.
562 2854 727 2902 Orell.
778 2854 984 2916 quicum
1006 2851 1269 2912 hujusmodi
1290 2855 1449 2899 essent
1469 2848 1647 2900 Guelf.
1667 2853 1717 2898 2.
1765 2850 1848 2912 qui
1881 2848 2143 2910 cujusmodi
2174 2853 2330 2898 essent
2364 2846 2546 2897 Guelf.

344 2922 394 2965 3.
442 2916 662 2980 cujusque
695 2917 822 2967 modi
857 2918 997 2980 conj.
1030 2918 1277 2967 Gulielm.
1346 2916 1540 2963 Locum
1577 2915 1654 2963 sic
1690 2914 2018 2977 interpungit
2043 2914 2245 2963 Victor.
2298 2914 2425 2975 apud
2452 2912 2547 2960 Gr.

343 2982 425 3045 qui
458 2980 716 3042 cujusmodi
750 2988 903 3032 essent
940 2982 1173 3039 videbam,
1211 2986 1386 3036 tamen,
1419 2982 1598 3042 &ce—9
1633 2980 1718 3028 Ita
1754 2979 1907 3028 codd.
1942 2994 2057 3028 cum
2093 2979 2213 3028 edd.
2242 2986 2370 3027 vett.
2394 2978 2551 3029 Jnnt.

346 3048 493 3097 Crat.
518 3047 834 3099 Man-‘Gran
870 3056 922 3097 et
959 3056 1181 3098 recentt.
1236 3044 1532 3096 humanitate
1563 3046 1762 3107 dignam
1797 3045 2044 3094 scientiam
2082 3058 2148 3093 ex
2183 3044 2287 3093 suis
2324 3041 2546 3093 codd.—

1341 3176 1386 3225 N
1397 3174 1558 3226 OTAE

343 3288 446 3322 non
471 3273 698 3336 vulgaris
725 3281 938 3321 ornatus
968 3271 1176 3334 sufficit,
1200 3271 1290 3321 sed
1323 3287 1402 3322 so-

344 3350 437 3399 lito
475 3346 885 3411 magnificentior
917 3354 1195 3412 apparatus
1232 3349 1402 3412 requi-

342 3428 507 3487 ritur3
546 3426 621 3474 ita
643 3439 815 3474 rernm
839 3427 1210 3490 exquisitarum
1232 3426 1402 3487 supel-

342 3503 431 3552 lex
452 3510 731 3565 suppetere
754 3500 912 3549 dehet
936 3504 1147 3552 oratori.

410 3578 434 3612 ¹²
467 3579 527 3627 Si
550 3579 663 3628 Diis
680 3577 858 3641 placet]
896 3578 1100 3627 Ironice
1125 3576 1336 3628 dictum.
1385 3632 1390 3636 .

408 3663 429 3689 θ
466 3656 634 3704 Edicto
667 3654 791 3717 meo]
830 3654 887 3703 C.
911 3654 1108 3704 Fannio
1131 3655 1404 3720 Strabone,

343 3732 422 3781 M.
462 3730 670 3780 Valerio
710 3730 936 3778 Messala
970 3743 1104 3779 coss.
1142 3730 1208 3779 A.
1240 3729 1310 3778 U.
1341 3731 1401 3780 C.

343 3812 460 3857 593.
483 3815 606 3858 ante
642 3807 764 3856 Chr.
791 3812 903 3857 161.
926 3815 1131 3855 senatus
1166 3807 1405 3855 consulto

343 3879 631 3948 philosophi
681 3884 1014 3948 rhetorasque
1060 3883 1222 3932 Roma
1270 3882 1404 3945 pulsi

341 3968 481 4010 sunt.
568 3959 901 4022 sexagesimo
940 3972 1074 4008 nono
1116 3967 1236 4023 post
1268 3974 1403 4009 anno

346 4038 441 4086 Cn.
466 4037 722 4086 Domitius
751 4035 1068 4085 AEnobarbus
1101 4044 1158 4085 et
1183 4038 1241 4085 L.
1267 4036 1403 4085 Lici·

343 4114 460 4161 nius
489 4113 700 4161 Crassus
733 4125 977 4161 censores
1011 4112 1078 4161 de
1105 4113 1405 4163 coercendis

346 4188 547 4240 Latinis
570 4188 862 4237 rhetoribus
885 4187 1111 4238 edictum
1133 4185 1211 4237 his
1235 4191 1404 4257 verbis

344 4278 666 4329 concepere:
702 4263 1109 4315 ‘Renuntiatum
1146 4273 1226 4316 est
1251 4267 1404 4324 ,nobis

1473 3287 1591 3321 esse
1631 3272 1879 3333 homines,
1900 3271 1986 3337 qui
2019 3285 2209 3320 novum
2242 3284 2406 3334 genus
2442 3269 2541 3319 dis-

1472 3351 1677 3413 ciplinae
1713 3347 2066 3408 instituerunt,
2092 3348 2156 3397 ad
2194 3362 2321 3412 quos
2351 3347 2542 3409 juven·

1475 3434 1560 3475 tus
1596 3427 1647 3473 in
1678 3426 1852 3475 ludum
1889 3426 2181 3494 conveniat.
2217 3439 2303 3471 eos
2330 3423 2426 3472 sibi
2451 3438 2543 3472 no-

1474 3517 1591 3551 men
1614 3503 1916 3565 imposuisse
1942 3503 2151 3551 Latinos
2173 3499 2437 3548 rhetoras:
2474 3499 2544 3548 ibi

1473 3577 1705 3627 homines
1730 3576 2147 3627 adolescentulos
2164 3576 2277 3625 dies
2295 3582 2433 3625 totos
2453 3575 2544 3624 de·

1474 3655 1665 3706 sidere.
1731 3655 1962 3718 Majores
2001 3655 2166 3703 nostri
2202 3669 2316 3717 quse
2353 3652 2543 3702 liberos

1475 3745 1594 3781 suos
1629 3732 1852 3791 discere,
1882 3736 1938 3779 et
1972 3745 2100 3794 qnos
2140 3730 2191 3778 in
2227 3730 2377 3779 ludos
2407 3731 2541 3779 itare

1475 3810 1686 3864 vellent,
1709 3808 2058 3856 instituerunt.
2110 3807 2241 3856 Have
2259 3819 2406 3861 nova,
2422 3821 2540 3870 quae

1476 3895 1670 3950 praeter
1689 3884 2114 3935 consuetudinem
2138 3898 2198 3932 ac
2222 3897 2415 3932 morem
2439 3897 2542 3931 ma·

1467 3965 1642 4027 joram
1688 3961 1836 4017 fiunt,
1880 3975 2049 4025 neque
2104 3961 2330 4024 placent,
2372 3972 2540 4023 neque

1476 4047 1622 4090 recta
1664 4038 1926 4088 videntur.
2005 4037 2341 4099 Quapropter
2380 4042 2434 4084 et
2476 4037 2539 4085 iis

1475 4117 1564 4180 qni
1605 4129 1690 4164 eos
1733 4112 1881 4163 ludos
1918 4113 2132 4174 habent,
2167 4121 2222 4161 et
2254 4111 2318 4160 iis
2352 4113 2435 4175 qni
2475 4127 2539 4162 eo

1477 4192 1655 4240 venire
1680 4197 2077 4245 consueverunt,
2104 4190 2265 4237 visum
2297 4196 2378 4239 est
2413 4186 2542 4238 faci·

1478 4268 1673 4319 undum
1699 4277 1754 4319 ut
1776 4267 2162 4318 ostenderemus
2181 4273 2407 4316 nostram
2426 4280 2539 4317 sen·
