<?xml version="1.0" encoding="UTF-8"?>
<!DOCTYPE html PUBLIC "-//W3C//DTD XHTML 1.0 Transitional//EN"
    "http://www.w3.org/TR/xhtml1/DTD/xhtml1-transitional.dtd">
<html xmlns="http://www.w3.org/1999/xhtml" xml:lang="en" lang="en">
 <head>
  <title>
</title>
<meta http-equiv="Content-Type" content="text/html;charset=utf-8" />
  <meta name='ocr-system' content='tesseract 3.04.00' />
  <meta name='ocr-capabilities' content='ocr_page ocr_carea ocr_par ocr_line ocrx_word'/>
</head>
<body>
  <div class='ocr_page' id='page_1' title='image "./clavisciceronia01ernegoog_0539.png"; bbox 0 0 3020 4942; ppageno 0'>
   <div class='ocr_carea' id='block_1_1' title="bbox 1008 271 2508 393">
    <p class='ocr_par' dir='ltr' id='par_1_1' title="bbox 1008 271 2508 393">
     <span class='ocr_line' id='line_1_1' title="bbox 1008 271 2508 393; baseline -0.002 -10"><span class='ocrx_word' id='word_1_1' title='bbox 1008 330 1108 383; x_wconf 77' lang='lat' dir='ltr'><strong>1&gt;ss</strong></span> <span class='ocrx_word' id='word_1_2' title='bbox 1155 329 1542 393; x_wconf 57' lang='lat' dir='ltr'><strong>nummus,</strong></span> <span class='ocrx_word' id='word_1_3' title='bbox 1592 331 1680 378; x_wconf 92' lang='lat'><strong>11.</strong></span> <span class='ocrx_word' id='word_1_4' title='bbox 1723 312 1835 380; x_wconf 82' lang='lat'><strong>82.</strong></span> <span class='ocrx_word' id='word_1_5' title='bbox 2140 331 2148 343; x_wconf 79' lang='grc'>’</span> <span class='ocrx_word' id='word_1_6' title='bbox 2295 271 2508 380; x_wconf 20' lang='lat'>‘1111</span> 
     </span>
    </p>
   </div>
   <div class='ocr_carea' id='block_1_2' title="bbox 314 473 2530 2099">
    <p class='ocr_par' dir='ltr' id='par_1_2' title="bbox 314 473 2530 2099">
     <span class='ocr_line' id='line_1_2' title="bbox 402 473 2511 559; baseline -0 -18"><span class='ocrx_word' id='word_1_7' title='bbox 402 474 552 541; x_wconf 88' lang='grc'><strong>333.</strong></span> <span class='ocrx_word' id='word_1_8' title='bbox 598 474 843 559; x_wconf 81' lang='lat' dir='ltr'><strong>Neque</strong></span> <span class='ocrx_word' id='word_1_9' title='bbox 874 492 1038 555; x_wconf 82' lang='lat' dir='ltr'><strong>sane</strong></span> <span class='ocrx_word' id='word_1_10' title='bbox 1059 475 1202 559; x_wconf 90' lang='lat' dir='ltr'><strong>jam</strong></span> <span class='ocrx_word' id='word_1_11' title='bbox 1228 493 1438 540; x_wconf 85' lang='lat' dir='ltr'><strong>causa</strong></span> <span class='ocrx_word' id='word_1_12' title='bbox 1458 473 1722 541; x_wconf 86' lang='lat' dir='ltr'><strong>videtur</strong></span> <span class='ocrx_word' id='word_1_13' title='bbox 1746 493 1920 552; x_wconf 90' lang='lat' dir='ltr'><strong>esse,</strong></span> <span class='ocrx_word' id='word_1_14' title='bbox 1938 479 2061 540; x_wconf 84' lang='lat' dir='ltr'><strong>&#39;cur</strong></span> <span class='ocrx_word' id='word_1_15' title='bbox 2083 494 2511 541; x_wconf 80' lang='lat' dir='ltr'><strong>secernamus</strong></span> 
     </span>
     <span class='ocr_line' id='line_1_3' title="bbox 314 577 2513 661; baseline 0 -19"><span class='ocrx_word' id='word_1_16' title='bbox 314 594 400 642; x_wconf 90' lang='lat' dir='ltr'><strong>ea</strong></span> <span class='ocrx_word' id='word_1_17' title='bbox 430 586 795 661; x_wconf 65' lang='lat' dir='ltr'><strong>praecepta,</strong></span> <span class='ocrx_word' id='word_1_18' title='bbox 827 596 981 661; x_wconf 84' lang='lat' dir='ltr'><strong>quae</strong></span> <span class='ocrx_word' id='word_1_19' title='bbox 1014 577 1096 640; x_wconf 89' lang='lat' dir='ltr'><strong>de</strong></span> <span class='ocrx_word' id='word_1_20' title='bbox 1125 577 1599 643; x_wconf 77' lang='lat' dir='ltr'><strong>suasionibus⁸</strong></span> <span class='ocrx_word' id='word_1_21' title='bbox 1643 577 1974 643; x_wconf 80' lang='lat' dir='ltr'><strong>tradenda</strong></span> <span class='ocrx_word' id='word_1_22' title='bbox 2002 584 2177 655; x_wconf 88' lang='lat' dir='ltr'><strong>sunt,</strong></span> <span class='ocrx_word' id='word_1_23' title='bbox 2209 582 2326 641; x_wconf 89' lang='lat' dir='ltr'><strong>aut</strong></span> <span class='ocrx_word' id='word_1_24' title='bbox 2368 578 2513 642; x_wconf 88' lang='lat' dir='ltr'><strong>lau·</strong></span> 
     </span>
     <span class='ocr_line' id='line_1_4' title="bbox 316 678 2515 766; baseline 0 -23"><span class='ocrx_word' id='word_1_25' title='bbox 316 678 706 745; x_wconf 79' lang='lat' dir='ltr'>dationibus</span> <span class='ocrx_word' id='word_1_26' title='bbox 732 702 751 760; x_wconf 93' lang='lat'>;</span> <span class='ocrx_word' id='word_1_27' title='bbox 778 692 800 718; x_wconf 78' lang='lat'><em>⁸</em></span> <span class='ocrx_word' id='word_1_28' title='bbox 858 685 1014 745; x_wconf 89' lang='lat' dir='ltr'><strong>sunt</strong></span> <span class='ocrx_word' id='word_1_29' title='bbox 1067 681 1244 745; x_wconf 90' lang='lat' dir='ltr'><strong>enim</strong></span> <span class='ocrx_word' id='word_1_30' title='bbox 1292 680 1611 764; x_wconf 82' lang='lat' dir='ltr'><strong>plera&#39;que</strong></span> <span class='ocrx_word' id='word_1_31' title='bbox 1664 680 2079 766; x_wconf 82' lang='lat' dir='ltr'><strong>eommunia:</strong></span> <span class='ocrx_word' id='word_1_32' title='bbox 2125 679 2243 744; x_wconf 90' lang='lat' dir='ltr'><strong>sed</strong></span> <span class='ocrx_word' id='word_1_33' title='bbox 2292 687 2515 744; x_wconf 90' lang='lat' dir='ltr'><strong>tamen</strong></span> 
     </span>
     <span class='ocr_line' id='line_1_5' title="bbox 316 781 2517 874; baseline 0.001 -31"><span class='ocrx_word' id='word_1_34' title='bbox 316 782 599 847; x_wconf 87' lang='lat' dir='ltr'><strong>suadere</strong></span> <span class='ocrx_word' id='word_1_35' title='bbox 652 782 933 867; x_wconf 89' lang='lat' dir='ltr'><strong>aliquid,</strong></span> <span class='ocrx_word' id='word_1_36' title='bbox 982 789 1103 848; x_wconf 87' lang='lat' dir='ltr'><strong>aut</strong></span> <span class='ocrx_word' id='word_1_37' title='bbox 1143 781 1559 861; x_wconf 83' lang='lat' dir='ltr'><strong>dissuadere,</strong></span> <span class='ocrx_word' id='word_1_38' title='bbox 1609 783 2020 864; x_wconf 80' lang='lat' dir='ltr'><strong>gravissimae</strong></span> <span class='ocrx_word' id='word_1_39' title='bbox 2063 782 2229 874; x_wconf 65' lang='lat' dir='ltr'><strong>mihi*</strong></span> <span class='ocrx_word' id='word_1_40' title='bbox 2253 783 2517 846; x_wconf 86' lang='lat' dir='ltr'><strong>videtur</strong></span> 
     </span>
     <span class='ocr_line' id='line_1_6' title="bbox 316 884 2516 970; baseline 0.001 -24"><span class='ocrx_word' id='word_1_41' title='bbox 316 902 474 947; x_wconf 91' lang='lat' dir='ltr'><strong>esse</strong></span> <span class='ocrx_word' id='word_1_42' title='bbox 521 893 901 969; x_wconf 84' lang='lat' dir='ltr'><strong>personae.¹¹</strong></span> <span class='ocrx_word' id='word_1_43' title='bbox 992 884 1173 950; x_wconf 90' lang='lat' dir='ltr'><strong>Nam</strong></span> <span class='ocrx_word' id='word_1_44' title='bbox 1224 893 1292 951; x_wconf 88' lang='lat' dir='ltr'><strong>et</strong></span> <span class='ocrx_word' id='word_1_45' title='bbox 1338 885 1667 970; x_wconf 87' lang='lat' dir='ltr'><strong>sapientis</strong></span> <span class='ocrx_word' id='word_1_46' title='bbox 1715 894 1845 961; x_wconf 89' lang='lat' dir='ltr'><strong>est,</strong></span> <span class='ocrx_word' id='word_1_47' title='bbox 1893 885 2250 950; x_wconf 87' lang='lat' dir='ltr'><strong>consilium</strong></span> <span class='ocrx_word' id='word_1_48' title='bbox 2301 885 2516 968; x_wconf 84' lang='lat' dir='ltr'><strong>expli·</strong></span> 
     </span>
     <span class='ocr_line' id='line_1_7' title="bbox 315 986 2519 1073; baseline 0.001 -23"><span class='ocrx_word' id='word_1_49' title='bbox 315 1004 473 1051; x_wconf 87' lang='lat' dir='ltr'><strong>care</strong></span> <span class='ocrx_word' id='word_1_50' title='bbox 521 1006 717 1051; x_wconf 88' lang='lat' dir='ltr'><strong>suum</strong></span> <span class='ocrx_word' id='word_1_51' title='bbox 764 986 846 1051; x_wconf 91' lang='lat' dir='ltr'><strong>de</strong></span> <span class='ocrx_word' id='word_1_52' title='bbox 896 988 1213 1052; x_wconf 81' lang='lat' dir='ltr'><strong>maximis</strong></span> <span class='ocrx_word' id='word_1_53' title='bbox 1264 990 1504 1070; x_wconf 86' lang='lat' dir='ltr'><strong>rebus;</strong></span> <span class='ocrx_word' id='word_1_54' title='bbox 1551 995 1619 1053; x_wconf 91' lang='lat' dir='ltr'><strong>et</strong></span> <span class='ocrx_word' id='word_1_55' title='bbox 1667 988 1954 1064; x_wconf 89' lang='lat' dir='ltr'><strong>honesti,</strong></span> <span class='ocrx_word' id='word_1_56' title='bbox 2006 986 2386 1070; x_wconf 69' lang='lat' dir='ltr'><strong>etjdiserti‚</strong></span> <span class='ocrx_word' id='word_1_57' title='bbox 2441 993 2519 1073; x_wconf 80' lang='lat' dir='ltr'><strong>ut</strong></span> 
     </span>
     <span class='ocr_line' id='line_1_8' title="bbox 316 1087 2520 1174; baseline 0 -22"><span class='ocrx_word' id='word_1_58' title='bbox 316 1096 539 1153; x_wconf 87' lang='lat' dir='ltr'><strong>mente</strong></span> <span class='ocrx_word' id='word_1_59' title='bbox 572 1089 941 1174; x_wconf 84' lang='lat' dir='ltr'><strong>providere,</strong></span> <span class='ocrx_word' id='word_1_60' title='bbox 989 1089 1389 1155; x_wconf 84' lang='lat' dir='ltr'><strong>auctoritate</strong></span> <span class='ocrx_word' id='word_1_61' title='bbox 1436 1090 1737 1173; x_wconf 81' lang='lat' dir='ltr'><strong>probare,</strong></span> <span class='ocrx_word' id='word_1_62' title='bbox 1784 1089 2082 1154; x_wconf 88' lang='lat' dir='ltr'><strong>oratione</strong></span> <span class='ocrx_word' id='word_1_63' title='bbox 2114 1087 2520 1172; x_wconf 82' lang='lat' dir='ltr'><strong>persuadere</strong></span> 
     </span>
     <span class='ocr_line' id='line_1_9' title="bbox 317 1190 2520 1278; baseline 0.001 -24"><span class='ocrx_word' id='word_1_64' title='bbox 317 1190 617 1278; x_wconf 86' lang='lat' dir='ltr'><strong>possit.¹²·</strong></span> <span class='ocrx_word' id='word_1_65' title='bbox 714 1207 1037 1257; x_wconf 67' lang='lat' dir='ltr'><strong>Lxxxu.</strong></span> <span class='ocrx_word' id='word_1_66' title='bbox 1080 1190 1308 1277; x_wconf 86' lang='lat' dir='ltr'><strong>Atque</strong></span> <span class='ocrx_word' id='word_1_67' title='bbox 1340 1194 1488 1259; x_wconf 78' lang='lat' dir='ltr'><strong>haec</strong></span> <span class='ocrx_word' id='word_1_68' title='bbox 1520 1195 1589 1258; x_wconf 89' lang='lat' dir='ltr'><strong>in</strong></span> <span class='ocrx_word' id='word_1_69' title='bbox 1620 1199 1859 1259; x_wconf 85' lang='lat' dir='ltr'><strong>senatu</strong></span> <span class='ocrx_word' id='word_1_70' title='bbox 1891 1193 2150 1256; x_wconf 84' lang='lat' dir='ltr'><strong>minore</strong></span> <span class='ocrx_word' id='word_1_71' title='bbox 2182 1202 2520 1276; x_wconf 87' lang='lat' dir='ltr'><strong>apparatu</strong></span> 
     </span>
     <span class='ocr_line' id='line_1_10' title="bbox 316 1295 2522 1381; baseline 0 -24"><span class='ocrx_word' id='word_1_72' title='bbox 316 1295 577 1376; x_wconf 82' lang='lat' dir='ltr'><strong>agenda</strong></span> <span class='ocrx_word' id='word_1_73' title='bbox 609 1301 805 1361; x_wconf 86' lang='lat' dir='ltr'><strong>sunt:</strong></span> <span class='ocrx_word' id='word_1_74' title='bbox 853 1298 1128 1381; x_wconf 89' lang='lat' dir='ltr'><strong>sapiens</strong></span> <span class='ocrx_word' id='word_1_75' title='bbox 1159 1299 1332 1363; x_wconf 90' lang='lat' dir='ltr'><strong>enim</strong></span> <span class='ocrx_word' id='word_1_76' title='bbox 1352 1303 1496 1362; x_wconf 87' lang='lat' dir='ltr'><strong>est¹</strong></span> <span class='ocrx_word' id='word_1_77' title='bbox 1532 1297 1931 1378; x_wconf 46' lang='lat' dir='ltr'><strong>consiliumj</strong></span> <span class='ocrx_word' id='word_1_78' title='bbox 1979 1296 2339 1378; x_wconf 89' lang='lat' dir='ltr'><strong>multisque</strong></span> <span class='ocrx_word' id='word_1_79' title='bbox 2368 1295 2522 1360; x_wconf 84' lang='lat' dir='ltr'><strong>aliis</strong></span> 
     </span>
     <span class='ocr_line' id='line_1_11' title="bbox 317 1396 2521 1485; baseline 0 -26"><span class='ocrx_word' id='word_1_80' title='bbox 317 1396 592 1464; x_wconf 87' lang='lat' dir='ltr'><strong>dicendi</strong></span> <span class='ocrx_word' id='word_1_81' title='bbox 636 1398 1109 1485; x_wconf 81' lang='lat' dir='ltr'><strong>relinquendus</strong></span> <span class='ocrx_word' id='word_1_82' title='bbox 1147 1400 1365 1465; x_wconf 91' lang='lat' dir='ltr'><strong>locus.</strong></span> <span class='ocrx_word' id='word_1_83' title='bbox 1451 1399 1759 1466; x_wconf 85' lang='lat' dir='ltr'>Vitanda</span> <span class='ocrx_word' id='word_1_84' title='bbox 1788 1399 1993 1465; x_wconf 90' lang='lat' dir='ltr'><strong>etiam</strong></span> <span class='ocrx_word' id='word_1_85' title='bbox 2022 1398 2268 1481; x_wconf 87' lang='lat' dir='ltr'><strong>ingenii</strong></span> <span class='ocrx_word' id='word_1_86' title='bbox 2300 1407 2521 1461; x_wconf 90' lang='lat' dir='ltr'><strong>osten-</strong></span> 
     </span>
     <span class='ocr_line' id='line_1_12' title="bbox 317 1500 2523 1590; baseline -0 -26"><span class='ocrx_word' id='word_1_87' title='bbox 317 1500 599 1564; x_wconf 83' lang='lat' dir='ltr'><strong>tationis</strong></span> <span class='ocrx_word' id='word_1_88' title='bbox 632 1502 984 1584; x_wconf 85' lang='lat' dir='ltr'><strong>suspioio.²</strong></span> <span class='ocrx_word' id='word_1_89' title='bbox 1071 1502 1221 1566; x_wconf 88' lang='grc'><strong>334.</strong></span> <span class='ocrx_word' id='word_1_90' title='bbox 1266 1501 1526 1568; x_wconf 85' lang='lat' dir='ltr'><strong>Concio</strong></span> <span class='ocrx_word' id='word_1_91' title='bbox 1553 1503 1779 1590; x_wconf 77' lang='lat' dir='ltr'><strong>capit³</strong></span> <span class='ocrx_word' id='word_1_92' title='bbox 1817 1521 2079 1566; x_wconf 89' lang='lat' dir='ltr'><strong>omnem</strong></span> <span class='ocrx_word' id='word_1_93' title='bbox 2117 1501 2249 1563; x_wconf 88' lang='lat' dir='ltr'><strong>vim</strong></span> <span class='ocrx_word' id='word_1_94' title='bbox 2283 1501 2523 1563; x_wconf 84' lang='lat' dir='ltr'><strong>oratio-</strong></span> 
     </span>
     <span class='ocr_line' id='line_1_13' title="bbox 318 1601 2526 1687; baseline 0.001 -23"><span class='ocrx_word' id='word_1_95' title='bbox 318 1601 454 1678; x_wconf 76' lang='lat' dir='ltr'><strong>niS,</strong></span> <span class='ocrx_word' id='word_1_96' title='bbox 485 1607 552 1666; x_wconf 92' lang='lat' dir='ltr'><strong>et</strong></span> <span class='ocrx_word' id='word_1_97' title='bbox 579 1604 1002 1685; x_wconf 85' lang='lat' dir='ltr'><strong>gravitatem,</strong></span> <span class='ocrx_word' id='word_1_98' title='bbox 1036 1605 1553 1687; x_wconf 79' lang='lat' dir='ltr'><strong>varietatemque</strong></span> <span class='ocrx_word' id='word_1_99' title='bbox 1586 1603 1971 1668; x_wconf 76' lang='lat' dir='ltr'><strong>desiderat-¹</strong></span> <span class='ocrx_word' id='word_1_100' title='bbox 2009 1663 2016 1674; x_wconf 86' lang='grc'>,</span> <span class='ocrx_word' id='word_1_101' title='bbox 2060 1602 2234 1685; x_wconf 82' lang='lat' dir='ltr'><strong>Ergo</strong></span> <span class='ocrx_word' id='word_1_102' title='bbox 2267 1603 2337 1665; x_wconf 88' lang='lat' dir='ltr'><strong>in</strong></span> <span class='ocrx_word' id='word_1_103' title='bbox 2368 1621 2526 1667; x_wconf 89' lang='lat' dir='ltr'><strong>sua-</strong></span> 
     </span>
     <span class='ocr_line' id='line_1_14' title="bbox 320 1701 2525 1790; baseline 0 -23"><span class='ocrx_word' id='word_1_104' title='bbox 320 1701 543 1770; x_wconf 90' lang='lat' dir='ltr'><strong>dendo</strong></span> <span class='ocrx_word' id='word_1_105' title='bbox 582 1705 748 1770; x_wconf 87' lang='lat' dir='ltr'><strong>nihil</strong></span> <span class='ocrx_word' id='word_1_106' title='bbox 793 1712 898 1770; x_wconf 89' lang='lat' dir='ltr'><strong>est</strong></span> <span class='ocrx_word' id='word_1_107' title='bbox 941 1707 1331 1790; x_wconf 78' lang='lat' dir='ltr'><strong>optabilius„</strong></span> <span class='ocrx_word' id='word_1_108' title='bbox 1363 1726 1566 1790; x_wconf 90' lang='lat' dir='ltr'><strong>quam</strong></span> <span class='ocrx_word' id='word_1_109' title='bbox 1595 1706 1975 1788; x_wconf 82' lang='lat' dir='ltr'><strong>dignitas:“</strong></span> <span class='ocrx_word' id='word_1_110' title='bbox 2018 1724 2174 1772; x_wconf 89' lang='lat' dir='ltr'><strong>nam</strong></span> <span class='ocrx_word' id='word_1_111' title='bbox 2204 1705 2317 1786; x_wconf 90' lang='lat' dir='ltr'><strong>qui</strong></span> <span class='ocrx_word' id='word_1_112' title='bbox 2350 1704 2525 1769; x_wconf 87' lang='lat' dir='ltr'><strong>utili-</strong></span> 
     </span>
     <span class='ocr_line' id='line_1_15' title="bbox 321 1805 2526 1891; baseline 0.001 -24"><span class='ocrx_word' id='word_1_113' title='bbox 321 1810 532 1868; x_wconf 86' lang='lat' dir='ltr'><strong>tatem</strong></span> <span class='ocrx_word' id='word_1_114' title='bbox 575 1811 880 1888; x_wconf 82' lang='lat' dir='ltr'><strong>putat,¹’⁴</strong></span> <span class='ocrx_word' id='word_1_115' title='bbox 921 1827 1057 1872; x_wconf 88' lang='lat' dir='ltr'><strong>non</strong></span> <span class='ocrx_word' id='word_1_116' title='bbox 1102 1808 1266 1891; x_wconf 91' lang='lat' dir='ltr'><strong>quid</strong></span> <span class='ocrx_word' id='word_1_117' title='bbox 1306 1805 1672 1873; x_wconf 72' lang='lat' dir='ltr'><strong>maxime¹¹⁴</strong></span> <span class='ocrx_word' id='word_1_118' title='bbox 1702 1808 1861 1873; x_wconf 86' lang='lat' dir='ltr'><strong>velit</strong></span> <span class='ocrx_word' id='word_1_119' title='bbox 1900 1826 2159 1882; x_wconf 84' lang='lat' dir='ltr'><strong>suasor,</strong></span> <span class='ocrx_word' id='word_1_120' title='bbox 2192 1806 2314 1871; x_wconf 91' lang='lat' dir='ltr'><strong>sed</strong></span> <span class='ocrx_word' id='word_1_121' title='bbox 2358 1806 2526 1888; x_wconf 88' lang='lat' dir='ltr'><strong>quid</strong></span> 
     </span>
     <span class='ocr_line' id='line_1_16' title="bbox 320 1907 2525 2000; baseline 0 -30"><span class='ocrx_word' id='word_1_122' title='bbox 320 1907 652 1974; x_wconf 86' lang='lat' dir='ltr'><strong>interdum</strong></span> <span class='ocrx_word' id='word_1_123' title='bbox 701 1909 916 1992; x_wconf 89' lang='lat' dir='ltr'><strong>magis</strong></span> <span class='ocrx_word' id='word_1_124' title='bbox 963 1918 1304 1994; x_wconf 85' lang='lat' dir='ltr'><strong>sequatur,</strong></span> <span class='ocrx_word' id='word_1_125' title='bbox 1335 1911 1542 1978; x_wconf 89' lang='lat' dir='ltr'><strong>videt.</strong></span> <span class='ocrx_word' id='word_1_126' title='bbox 1634 1910 1856 1976; x_wconf 91' lang='lat' dir='ltr'><strong>Nemo</strong></span> <span class='ocrx_word' id='word_1_127' title='bbox 1883 1916 1987 1975; x_wconf 88' lang='lat' dir='ltr'><strong>est</strong></span> <span class='ocrx_word' id='word_1_128' title='bbox 2016 1910 2214 1987; x_wconf 88' lang='lat' dir='ltr'><strong>enim,</strong></span> <span class='ocrx_word' id='word_1_129' title='bbox 2247 1928 2525 2000; x_wconf 62' lang='lat' dir='ltr'><strong>praeset-</strong></span> 
     </span>
     <span class='ocr_line' id='line_1_17' title="bbox 323 2009 2530 2099; baseline 0.001 -27"><span class='ocrx_word' id='word_1_130' title='bbox 323 2009 442 2074; x_wconf 89' lang='lat' dir='ltr'><strong>tim</strong></span> <span class='ocrx_word' id='word_1_131' title='bbox 472 2011 542 2074; x_wconf 91' lang='lat' dir='ltr'><strong>in</strong></span> <span class='ocrx_word' id='word_1_132' title='bbox 576 2019 711 2075; x_wconf 90' lang='lat' dir='ltr'><strong>tam</strong></span> <span class='ocrx_word' id='word_1_133' title='bbox 742 2014 930 2078; x_wconf 85' lang='lat' dir='ltr'><strong>clara</strong></span> <span class='ocrx_word' id='word_1_134' title='bbox 958 2014 1287 2092; x_wconf 82' lang='lat' dir='ltr'><strong>civitate,⁵</strong></span> <span class='ocrx_word' id='word_1_135' title='bbox 1336 2015 1492 2098; x_wconf 90' lang='lat' dir='ltr'><strong>quin</strong></span> <span class='ocrx_word' id='word_1_136' title='bbox 1545 2019 1729 2098; x_wconf 90' lang='lat' dir='ltr'><strong>putet</strong></span> <span class='ocrx_word' id='word_1_137' title='bbox 1758 2013 2206 2099; x_wconf 78' lang='lat' dir='ltr'><strong>expetendam</strong></span> <span class='ocrx_word' id='word_1_138' title='bbox 2237 2012 2530 2076; x_wconf 85' lang='lat' dir='ltr'><strong>maxime</strong></span> 
     </span>
    </p>
   </div>
   <div class='ocr_carea' id='block_1_3' title="bbox 387 2212 2636 2275">
    <p class='ocr_par' dir='ltr' id='par_1_3' title="bbox 387 2212 2636 2275">
     <span class='ocr_line' id='line_1_18' title="bbox 387 2212 2636 2275; baseline 0 -15"><span class='ocrx_word' id='word_1_139' title='bbox 387 2219 408 2244; x_wconf 74' lang='lat'>⁸</span> <span class='ocrx_word' id='word_1_140' title='bbox 444 2212 567 2260; x_wconf 83' lang='lat' dir='ltr'><strong>Cum</strong></span> <span class='ocrx_word' id='word_1_141' title='bbox 594 2213 829 2274; x_wconf 73' lang='lat' dir='ltr'><strong>egerimus</strong></span> <span class='ocrx_word' id='word_1_142' title='bbox 857 2216 916 2263; x_wconf 81' lang='lat' dir='ltr'><strong>de</strong></span> <span class='ocrx_word' id='word_1_143' title='bbox 950 2228 1124 2275; x_wconf 75' lang='lat' dir='ltr'><strong>genere</strong></span> <span class='ocrx_word' id='word_1_144' title='bbox 1145 2214 1388 2275; x_wconf 74' lang='lat' dir='ltr'><strong>judiciali,</strong></span> <span class='ocrx_word' id='word_1_145' title='bbox 1423 2218 1553 2266; x_wconf 73' lang='lat' dir='ltr'><strong>nullu</strong></span> <span class='ocrx_word' id='word_1_146' title='bbox 1586 2221 1660 2265; x_wconf 78' lang='lat' dir='ltr'><strong>est</strong></span> <span class='ocrx_word' id='word_1_147' title='bbox 1692 2230 1833 2265; x_wconf 77' lang='lat' dir='ltr'><strong>eausa</strong></span> <span class='ocrx_word' id='word_1_148' title='bbox 1852 2230 1939 2265; x_wconf 78' lang='lat' dir='ltr'><strong>cur</strong></span> <span class='ocrx_word' id='word_1_149' title='bbox 1956 2215 2242 2264; x_wconf 78' lang='lat' dir='ltr'><strong>disseramus</strong></span> <span class='ocrx_word' id='word_1_150' title='bbox 2261 2212 2453 2262; x_wconf 82' lang='lat' dir='ltr'><strong>seorsim</strong></span> <span class='ocrx_word' id='word_1_151' title='bbox 2471 2213 2531 2261; x_wconf 80' lang='lat' dir='ltr'><strong>ds</strong></span> <span class='ocrx_word' id='word_1_152' title='bbox 2629 2220 2636 2226; x_wconf 85' lang='lat'>·</span> 
     </span>
    </p>
   </div>
   <div class='ocr_carea' id='block_1_4' title="bbox 324 2278 2532 2408">
    <p class='ocr_par' dir='ltr' id='par_1_4' title="bbox 324 2278 2532 2408">
     <span class='ocr_line' id='line_1_19' title="bbox 324 2278 1973 2344; baseline 0.004 -20"><span class='ocrx_word' id='word_1_153' title='bbox 324 2278 573 2339; x_wconf 72' lang='lat' dir='ltr'><strong>preceptis</strong></span> <span class='ocrx_word' id='word_1_154' title='bbox 593 2279 656 2327; x_wconf 80' lang='lat' dir='ltr'><strong>od</strong></span> <span class='ocrx_word' id='word_1_155' title='bbox 673 2293 825 2339; x_wconf 73' lang='lat' dir='ltr'><strong>genus</strong></span> <span class='ocrx_word' id='word_1_156' title='bbox 845 2279 1202 2329; x_wconf 72' lang='lat' dir='ltr'><strong>deliberativum</strong></span> <span class='ocrx_word' id='word_1_157' title='bbox 1222 2285 1269 2329; x_wconf 80' lang='lat' dir='ltr'><strong>et</strong></span> <span class='ocrx_word' id='word_1_158' title='bbox 1290 2282 1621 2330; x_wconf 65' lang='lat' dir='ltr'><strong>exornatis-um</strong></span> <span class='ocrx_word' id='word_1_159' title='bbox 1640 2282 1973 2344; x_wconf 73' lang='lat' dir='ltr'><strong>spectantibus.</strong></span> 
     </span>
     <span class='ocr_line' id='line_1_20' title="bbox 392 2341 2532 2408; baseline -0.001 -17"><span class='ocrx_word' id='word_1_160' title='bbox 392 2342 410 2373; x_wconf 78' lang='lat'>‘</span> <span class='ocrx_word' id='word_1_161' title='bbox 447 2342 546 2398; x_wconf 83' lang='lat' dir='ltr'><strong>Qui</strong></span> <span class='ocrx_word' id='word_1_162' title='bbox 578 2344 640 2391; x_wconf 78' lang='lat' dir='ltr'><strong>ad</strong></span> <span class='ocrx_word' id='word_1_163' title='bbox 669 2344 888 2405; x_wconf 81' lang='lat' dir='ltr'><strong>populum</strong></span> <span class='ocrx_word' id='word_1_164' title='bbox 922 2344 1058 2400; x_wconf 82' lang='lat' dir='ltr'><strong>dicit,</strong></span> <span class='ocrx_word' id='word_1_165' title='bbox 1094 2344 1231 2393; x_wconf 75' lang='lat' dir='ltr'><strong>debet</strong></span> <span class='ocrx_word' id='word_1_166' title='bbox 1263 2346 1499 2408; x_wconf 74' lang='lat' dir='ltr'><strong>explicare</strong></span> <span class='ocrx_word' id='word_1_167' title='bbox 1531 2346 1630 2394; x_wconf 80' lang='lat' dir='ltr'><strong>cim</strong></span> <span class='ocrx_word' id='word_1_168' title='bbox 1663 2362 1840 2395; x_wconf 79' lang='lat' dir='ltr'><strong>omnem</strong></span> <span class='ocrx_word' id='word_1_169' title='bbox 1874 2345 2169 2408; x_wconf 69' lang='lat' dir='ltr'><strong>eloquentie,</strong></span> <span class='ocrx_word' id='word_1_170' title='bbox 2201 2341 2532 2391; x_wconf 66' lang='lat' dir='ltr'><strong>auctoritatem</strong></span> 
     </span>
    </p>
   </div>
   <div class='ocr_carea' id='block_1_5' title="bbox 325 2409 2531 2535">
    <p class='ocr_par' dir='ltr' id='par_1_5' title="bbox 325 2409 2531 2535">
     <span class='ocr_line' id='line_1_21' title="bbox 325 2409 2531 2475; baseline -0 -20"><span class='ocrx_word' id='word_1_171' title='bbox 325 2420 463 2455; x_wconf 79' lang='lat' dir='ltr'><strong>suam</strong></span> <span class='ocrx_word' id='word_1_172' title='bbox 481 2422 541 2456; x_wconf 80' lang='lat' dir='ltr'><strong>ac</strong></span> <span class='ocrx_word' id='word_1_173' title='bbox 560 2409 900 2457; x_wconf 78' lang='lat' dir='ltr'><strong>sententiarum</strong></span> <span class='ocrx_word' id='word_1_174' title='bbox 921 2409 1200 2459; x_wconf 74' lang='lat' dir='ltr'><strong>varietatem</strong></span> <span class='ocrx_word' id='word_1_175' title='bbox 1221 2412 1284 2458; x_wconf 78' lang='lat' dir='ltr'><strong>ud</strong></span> <span class='ocrx_word' id='word_1_176' title='bbox 1303 2425 1518 2475; x_wconf 79' lang='lat' dir='ltr'><strong>pompam</strong></span> <span class='ocrx_word' id='word_1_177' title='bbox 1539 2416 1775 2460; x_wconf 79' lang='lat' dir='ltr'><strong>ostentare</strong></span> <span class='ocrx_word' id='word_1_178' title='bbox 1791 2428 1807 2459; x_wconf 89' lang='grc'><strong>.·</strong></span> <span class='ocrx_word' id='word_1_179' title='bbox 1841 2410 1940 2460; x_wconf 75' lang='grc' dir='ltr'><strong>Ιιωο</strong></span> <span class='ocrx_word' id='word_1_180' title='bbox 1960 2410 2086 2459; x_wconf 86' lang='lat' dir='ltr'><strong>enim</strong></span> <span class='ocrx_word' id='word_1_181' title='bbox 2108 2410 2281 2459; x_wconf 80' lang='lat' dir='ltr'><strong>mirum</strong></span> <span class='ocrx_word' id='word_1_182' title='bbox 2305 2412 2531 2471; x_wconf 78' lang='lat' dir='ltr'><strong>quantum</strong></span> 
     </span>
     <span class='ocr_line' id='line_1_22' title="bbox 326 2471 848 2535; baseline 0.002 -16"><span class='ocrx_word' id='word_1_183' title='bbox 326 2471 452 2535; x_wconf 74' lang='lat' dir='ltr'><strong>opud</strong></span> <span class='ocrx_word' id='word_1_184' title='bbox 474 2471 649 2531; x_wconf 81' lang='lat' dir='ltr'><strong>plebem</strong></span> <span class='ocrx_word' id='word_1_185' title='bbox 670 2475 848 2522; x_wconf 77' lang='lat' dir='ltr'><strong>valent.</strong></span> 
     </span>
    </p>
   </div>
   <div class='ocr_carea' id='block_1_6' title="bbox 392 2502 1917 2615">
    <p class='ocr_par' dir='ltr' id='par_1_6' title="bbox 392 2502 1917 2615">
     <span class='ocr_line' id='line_1_23' title="bbox 392 2502 1917 2615; baseline 0.001 -28"><span class='ocrx_word' id='word_1_186' title='bbox 392 2543 420 2568; x_wconf 78' lang='lat'>⁸</span> <span class='ocrx_word' id='word_1_187' title='bbox 450 2537 518 2587; x_wconf 74' lang='lat'><strong>101</strong></span> <span class='ocrx_word' id='word_1_188' title='bbox 538 2540 660 2602; x_wconf 79' lang='lat' dir='ltr'><strong>quod</strong></span> <span class='ocrx_word' id='word_1_189' title='bbox 682 2538 926 2588; x_wconf 72' lang='lat' dir='ltr'><strong>honestum</strong></span> <span class='ocrx_word' id='word_1_190' title='bbox 946 2542 1035 2586; x_wconf 78' lang='lat' dir='ltr'><strong>est.</strong></span> <span class='ocrx_word' id='word_1_191' title='bbox 1106 2611 1113 2615; x_wconf 32' lang='grc'><em>.</em></span> <span class='ocrx_word' id='word_1_192' title='bbox 1372 2541 1415 2572; x_wconf 59' lang='grc' dir='ltr'><strong>θ’</strong></span> <span class='ocrx_word' id='word_1_193' title='bbox 1435 2540 1782 2604; x_wconf 77' lang='lat' dir='ltr'><strong>Optabiliorem</strong></span> <span class='ocrx_word' id='word_1_194' title='bbox 1801 2502 1917 2591; x_wconf 80' lang='lat' dir='ltr'><strong>esse.</strong></span> 
     </span>
    </p>
   </div>
   <div class='ocr_carea' id='block_1_7' title="bbox 328 2750 2533 2896">
    <p class='ocr_par' dir='ltr' id='par_1_7' title="bbox 328 2750 2533 2896">
     <span class='ocr_line' id='line_1_24' title="bbox 328 2750 2533 2828; baseline 0.002 -20"><span class='ocrx_word' id='word_1_195' title='bbox 328 2763 656 2821; x_wconf 83' lang='lat' dir='ltr'><strong>vicinitatem</strong></span> <span class='ocrx_word' id='word_1_196' title='bbox 695 2765 928 2814; x_wconf 77' lang='lat' dir='ltr'><strong>adverbii</strong></span> <span class='ocrx_word' id='word_1_197' title='bbox 950 2750 1310 2816; x_wconf 80' lang='lat' dir='ltr'><strong>antecedentis</strong></span> <span class='ocrx_word' id='word_1_198' title='bbox 1345 2767 1569 2823; x_wconf 80' lang='lat' dir='ltr'><strong>maxime,</strong></span> <span class='ocrx_word' id='word_1_199' title='bbox 1604 2777 1725 2819; x_wconf 81' lang='lat' dir='ltr'><strong>sunt</strong></span> <span class='ocrx_word' id='word_1_200' title='bbox 1763 2769 2097 2818; x_wconf 61' lang='lat' dir='ltr'><strong>cuniam—11</strong></span> <span class='ocrx_word' id='word_1_201' title='bbox 2128 2765 2301 2815; x_wconf 86' lang='lat' dir='ltr'><strong>Erl.l.</strong></span> <span class='ocrx_word' id='word_1_202' title='bbox 2323 2778 2533 2828; x_wconf 80' lang='lat' dir='ltr'><strong>personoe</strong></span> 
     </span>
     <span class='ocr_line' id='line_1_25' title="bbox 328 2829 1596 2896; baseline 0.003 -18"><span class='ocrx_word' id='word_1_203' title='bbox 328 2830 553 2878; x_wconf 81' lang='lat' dir='ltr'><strong>videntur</strong></span> <span class='ocrx_word' id='word_1_204' title='bbox 571 2834 818 2879; x_wconf 63' lang='lat' dir='ltr'><strong>essa—12</strong></span> <span class='ocrx_word' id='word_1_205' title='bbox 852 2829 1030 2880; x_wconf 78' lang='lat' dir='ltr'><strong>Gneli‘.</strong></span> <span class='ocrx_word' id='word_1_206' title='bbox 1054 2835 1105 2879; x_wconf 90' lang='lat'><strong>1.</strong></span> <span class='ocrx_word' id='word_1_207' title='bbox 1125 2835 1408 2894; x_wconf 79' lang='lat' dir='ltr'><strong>persuadere</strong></span> <span class='ocrx_word' id='word_1_208' title='bbox 1428 2834 1596 2896; x_wconf 83' lang='lat' dir='ltr'><strong>possis.</strong></span> 
     </span>
    </p>
   </div>
   <div class='ocr_carea' id='block_1_8' title="bbox 310 2894 2537 3415">
    <p class='ocr_par' dir='ltr' id='par_1_8' title="bbox 310 2894 2537 3415">
     <span class='ocr_line' id='line_1_26' title="bbox 397 2894 2535 2960; baseline 0 -18"><span class='ocrx_word' id='word_1_209' title='bbox 397 2894 532 2942; x_wconf 71' lang='lat' dir='ltr'>CAP-</span> <span class='ocrx_word' id='word_1_210' title='bbox 555 2907 778 2947; x_wconf 68' lang='lat' dir='ltr'><strong>Lxxxu.</strong></span> <span class='ocrx_word' id='word_1_211' title='bbox 845 2900 868 2944; x_wconf 87' lang='lat' dir='ltr'><strong>l</strong></span> <span class='ocrx_word' id='word_1_212' title='bbox 907 2896 1119 2945; x_wconf 81' lang='lat' dir='ltr'><strong>Schntz.</strong></span> <span class='ocrx_word' id='word_1_213' title='bbox 1155 2897 1307 2946; x_wconf 75' lang='lat' dir='ltr'><strong>Mull-</strong></span> <span class='ocrx_word' id='word_1_214' title='bbox 1347 2904 1403 2947; x_wconf 83' lang='lat' dir='ltr'><strong>et</strong></span> <span class='ocrx_word' id='word_1_215' title='bbox 1435 2899 1602 2947; x_wconf 80' lang='lat' dir='ltr'><strong>Orell.</strong></span> <span class='ocrx_word' id='word_1_216' title='bbox 1642 2911 1671 2945; x_wconf 89' lang='lat' dir='ltr'><strong>e</strong></span> <span class='ocrx_word' id='word_1_217' title='bbox 1708 2896 1957 2947; x_wconf 75' lang='lat' dir='ltr'><strong>Schoeferi</strong></span> <span class='ocrx_word' id='word_1_218' title='bbox 1999 2895 2199 2960; x_wconf 77' lang='lat' dir='ltr'><strong>regula,</strong></span> <span class='ocrx_word' id='word_1_219' title='bbox 2235 2895 2423 2958; x_wconf 81' lang='lat' dir='ltr'><strong>sapiens</strong></span> <span class='ocrx_word' id='word_1_220' title='bbox 2462 2898 2535 2943; x_wconf 81' lang='lat' dir='ltr'><strong>est</strong></span> 
     </span>
     <span class='ocr_line' id='line_1_27' title="bbox 331 2958 2536 3026; baseline 0 -19"><span class='ocrx_word' id='word_1_221' title='bbox 331 2958 475 3007; x_wconf 81' lang='lat' dir='ltr'><strong>enim.</strong></span> <span class='ocrx_word' id='word_1_222' title='bbox 538 2960 686 3016; x_wconf 78' lang='lat' dir='ltr'><strong>Mox,</strong></span> <span class='ocrx_word' id='word_1_223' title='bbox 719 2961 905 3009; x_wconf 80' lang='lat' dir='ltr'><strong>dicendi</strong></span> <span class='ocrx_word' id='word_1_224' title='bbox 927 2962 1054 3011; x_wconf 86' lang='lat' dir='ltr'><strong>locus</strong></span> <span class='ocrx_word' id='word_1_225' title='bbox 1074 2960 1254 3011; x_wconf 84' lang='lat' dir='ltr'><strong>Guelf.</strong></span> <span class='ocrx_word' id='word_1_226' title='bbox 1276 2967 1325 3011; x_wconf 88' lang='lat'><strong>1.</strong></span> <span class='ocrx_word' id='word_1_227' title='bbox 1358 2964 1548 3012; x_wconf 81' lang='lat' dir='ltr'><strong>dicendi</strong></span> <span class='ocrx_word' id='word_1_228' title='bbox 1583 2965 1918 3026; x_wconf 83' lang='lat' dir='ltr'><strong>relinquendus</strong></span> <span class='ocrx_word' id='word_1_229' title='bbox 1953 2968 2023 3011; x_wconf 75' lang='lat' dir='ltr'><strong>est</strong></span> <span class='ocrx_word' id='word_1_230' title='bbox 2060 2958 2237 3011; x_wconf 84' lang='lat' dir='ltr'><strong>Guelf.</strong></span> <span class='ocrx_word' id='word_1_231' title='bbox 2259 2965 2309 3009; x_wconf 79' lang='lat'><strong>3.</strong></span> <span class='ocrx_word' id='word_1_232' title='bbox 2344 2960 2536 3009; x_wconf 74' lang='lat' dir='ltr'><strong>dicendi</strong></span> 
     </span>
     <span class='ocr_line' id='line_1_28' title="bbox 331 3023 2533 3084; baseline 0 -13"><span class='ocrx_word' id='word_1_233' title='bbox 331 3039 390 3071; x_wconf 81' lang='lat' dir='ltr'><strong>ac</strong></span> <span class='ocrx_word' id='word_1_234' title='bbox 412 3023 667 3084; x_wconf 56' lang='lat' dir='ltr'><strong>*tinguendi</strong></span> <span class='ocrx_word' id='word_1_235' title='bbox 704 3027 834 3075; x_wconf 85' lang='lat' dir='ltr'><strong>locus</strong></span> <span class='ocrx_word' id='word_1_236' title='bbox 872 3027 982 3076; x_wconf 81' lang='lat' dir='ltr'><strong>Eri.</strong></span> <span class='ocrx_word' id='word_1_237' title='bbox 1004 3031 1151 3077; x_wconf 81' lang='grc'><strong>1.-2</strong></span> <span class='ocrx_word' id='word_1_238' title='bbox 1187 3027 1273 3076; x_wconf 86' lang='lat' dir='ltr'><strong>Ita</strong></span> <span class='ocrx_word' id='word_1_239' title='bbox 1313 3026 1488 3077; x_wconf 86' lang='lat' dir='ltr'><strong>Palat.</strong></span> <span class='ocrx_word' id='word_1_240' title='bbox 1525 3032 1640 3077; x_wconf 83' lang='lat'><strong>1.2.</strong></span> <span class='ocrx_word' id='word_1_241' title='bbox 1676 3030 1888 3077; x_wconf 74' lang='lat' dir='ltr'><strong>Menum.</strong></span> <span class='ocrx_word' id='word_1_242' title='bbox 1933 3028 2074 3076; x_wconf 86' lang='lat' dir='ltr'><strong>Pith.</strong></span> <span class='ocrx_word' id='word_1_243' title='bbox 2114 3027 2268 3077; x_wconf 75' lang='lat' dir='ltr'><strong>Joau.</strong></span> <span class='ocrx_word' id='word_1_244' title='bbox 2310 3023 2457 3073; x_wconf 83' lang='lat' dir='ltr'><strong>Harl.</strong></span> <span class='ocrx_word' id='word_1_245' title='bbox 2484 3027 2533 3072; x_wconf 91' lang='lat' dir='ltr'><strong>l.</strong></span> 
     </span>
     <span class='ocr_line' id='line_1_29' title="bbox 334 3085 2535 3154; baseline 0 -17"><span class='ocrx_word' id='word_1_246' title='bbox 334 3085 487 3137; x_wconf 79' lang='lat' dir='ltr'><strong>Norf.</strong></span> <span class='ocrx_word' id='word_1_247' title='bbox 524 3104 553 3136; x_wconf 84' lang='lat' dir='ltr'><strong>a</strong></span> <span class='ocrx_word' id='word_1_248' title='bbox 589 3105 655 3138; x_wconf 88' lang='lat' dir='ltr'><strong>m.</strong></span> <span class='ocrx_word' id='word_1_249' title='bbox 691 3105 769 3152; x_wconf 80' lang='lat' dir='ltr'><strong>pr.</strong></span> <span class='ocrx_word' id='word_1_250' title='bbox 813 3091 1019 3140; x_wconf 86' lang='lat' dir='ltr'><strong>Mannt.</strong></span> <span class='ocrx_word' id='word_1_251' title='bbox 1064 3093 1245 3142; x_wconf 78' lang='lat' dir='ltr'><strong>Lamb.</strong></span> <span class='ocrx_word' id='word_1_252' title='bbox 1290 3093 1477 3142; x_wconf 81' lang='lat' dir='ltr'><strong>Pearc.</strong></span> <span class='ocrx_word' id='word_1_253' title='bbox 1524 3103 1578 3142; x_wconf 88' lang='lat' dir='ltr'><strong>et</strong></span> <span class='ocrx_word' id='word_1_254' title='bbox 1617 3092 1836 3143; x_wconf 69' lang='lat' dir='ltr'><strong>recenti.</strong></span> <span class='ocrx_word' id='word_1_255' title='bbox 1874 3090 2295 3154; x_wconf 77' lang='lat' dir='ltr'><strong>ostentationisque</strong></span> <span class='ocrx_word' id='word_1_256' title='bbox 2329 3089 2535 3152; x_wconf 72' lang='lat' dir='ltr'><strong>euspicio</strong></span> 
     </span>
     <span class='ocr_line' id='line_1_30' title="bbox 333 3152 2536 3220; baseline 0 -18"><span class='ocrx_word' id='word_1_257' title='bbox 333 3152 510 3202; x_wconf 80' lang='lat' dir='ltr'><strong>Guelf.</strong></span> <span class='ocrx_word' id='word_1_258' title='bbox 547 3157 597 3202; x_wconf 83' lang='lat'><strong>2.</strong></span> <span class='ocrx_word' id='word_1_259' title='bbox 632 3158 684 3203; x_wconf 80' lang='lat'><strong>3.</strong></span> <span class='ocrx_word' id='word_1_260' title='bbox 723 3155 870 3205; x_wconf 84' lang='lat' dir='ltr'><strong>Junt.</strong></span> <span class='ocrx_word' id='word_1_261' title='bbox 907 3157 1061 3206; x_wconf 81' lang='lat' dir='ltr'><strong>Grut.</strong></span> <span class='ocrx_word' id='word_1_262' title='bbox 1106 3157 1171 3205; x_wconf 79' lang='lat' dir='ltr'><strong>sl.</strong></span> <span class='ocrx_word' id='word_1_263' title='bbox 1217 3165 1348 3208; x_wconf 83' lang='lat' dir='ltr'><strong>vett.</strong></span> <span class='ocrx_word' id='word_1_264' title='bbox 1393 3159 1605 3220; x_wconf 81' lang='lat' dir='ltr'><strong>ingeniis</strong></span> <span class='ocrx_word' id='word_1_265' title='bbox 1646 3159 1976 3209; x_wconf 73' lang='lat' dir='ltr'><strong>ostentationis</strong></span> <span class='ocrx_word' id='word_1_266' title='bbox 2015 3156 2216 3220; x_wconf 84' lang='lat' dir='ltr'><strong>suspicio</strong></span> <span class='ocrx_word' id='word_1_267' title='bbox 2262 3154 2368 3204; x_wconf 79' lang='lat' dir='ltr'><strong>Eri.</strong></span> <span class='ocrx_word' id='word_1_268' title='bbox 2393 3159 2438 3203; x_wconf 92' lang='lat'><strong>1.</strong></span> <span class='ocrx_word' id='word_1_269' title='bbox 2481 3162 2536 3203; x_wconf 87' lang='lat' dir='ltr'><strong>et</strong></span> 
     </span>
     <span class='ocr_line' id='line_1_31' title="bbox 333 3215 2537 3286; baseline 0 -20"><span class='ocrx_word' id='word_1_270' title='bbox 333 3215 516 3267; x_wconf 82' lang='lat' dir='ltr'><strong>Guelf.</strong></span> <span class='ocrx_word' id='word_1_271' title='bbox 554 3222 695 3267; x_wconf 77' lang='lat'><strong>1.—3</strong></span> <span class='ocrx_word' id='word_1_272' title='bbox 734 3220 907 3268; x_wconf 86' lang='lat' dir='ltr'><strong>Concio</strong></span> <span class='ocrx_word' id='word_1_273' title='bbox 948 3223 1076 3285; x_wconf 80' lang='lat' dir='ltr'><strong>cupit</strong></span> <span class='ocrx_word' id='word_1_274' title='bbox 1112 3223 1392 3284; x_wconf 61' lang='lat' dir='ltr'><strong>steph—4</strong></span> <span class='ocrx_word' id='word_1_275' title='bbox 1427 3227 1442 3251; x_wconf 90' lang='lat'>‘</span> <span class='ocrx_word' id='word_1_276' title='bbox 1471 3226 1611 3273; x_wconf 88' lang='lat' dir='ltr'><strong>Loco</strong></span> <span class='ocrx_word' id='word_1_277' title='bbox 1642 3230 1800 3286; x_wconf 79' lang='lat' dir='ltr'><strong>putat,</strong></span> <span class='ocrx_word' id='word_1_278' title='bbox 1845 3225 1957 3273; x_wconf 86' lang='lat' dir='ltr'><strong>scil.</strong></span> <span class='ocrx_word' id='word_1_279' title='bbox 2003 3221 2364 3284; x_wconf 79' lang='lat' dir='ltr'><strong>optabiliorem</strong></span> <span class='ocrx_word' id='word_1_280' title='bbox 2402 3233 2537 3278; x_wconf 82' lang='lat' dir='ltr'><strong>esse,</strong></span> 
     </span>
     <span class='ocr_line' id='line_1_32' title="bbox 331 3283 2536 3352; baseline 0.001 -22"><span class='ocrx_word' id='word_1_281' title='bbox 331 3284 468 3332; x_wconf 86' lang='lat' dir='ltr'><strong>male</strong></span> <span class='ocrx_word' id='word_1_282' title='bbox 506 3283 701 3333; x_wconf 81' lang='lat' dir='ltr'><strong>habent</strong></span> <span class='ocrx_word' id='word_1_283' title='bbox 735 3285 844 3334; x_wconf 88' lang='lat' dir='ltr'><strong>Erl.</strong></span> <span class='ocrx_word' id='word_1_284' title='bbox 868 3289 918 3336; x_wconf 89' lang='lat'><strong>1.</strong></span> <span class='ocrx_word' id='word_1_285' title='bbox 956 3296 1008 3333; x_wconf 85' lang='lat' dir='ltr'><strong>ct</strong></span> <span class='ocrx_word' id='word_1_286' title='bbox 1049 3285 1227 3335; x_wconf 77' lang='lat' dir='ltr'><strong>Gnelf.</strong></span> <span class='ocrx_word' id='word_1_287' title='bbox 1251 3291 1299 3336; x_wconf 91' lang='grc'><strong>1.</strong></span> <span class='ocrx_word' id='word_1_288' title='bbox 1331 3291 1378 3337; x_wconf 75' lang='grc'><strong>3.</strong></span> <span class='ocrx_word' id='word_1_289' title='bbox 1404 3289 1563 3350; x_wconf 76' lang='lat' dir='ltr'><strong>petit5</strong></span> <span class='ocrx_word' id='word_1_290' title='bbox 1599 3288 1777 3338; x_wconf 86' lang='lat' dir='ltr'><strong>Guelf.</strong></span> <span class='ocrx_word' id='word_1_291' title='bbox 1800 3295 1848 3340; x_wconf 78' lang='lat'><strong>2.</strong></span> <span class='ocrx_word' id='word_1_292' title='bbox 1881 3288 2091 3352; x_wconf 66' lang='lat' dir='ltr'><strong>putant!</strong></span> <span class='ocrx_word' id='word_1_293' title='bbox 2127 3288 2431 3337; x_wconf 78' lang='lat' dir='ltr'><strong>Harles.-6</strong></span> <span class='ocrx_word' id='word_1_294' title='bbox 2468 3284 2536 3333; x_wconf 86' lang='lat' dir='ltr'><strong>In</strong></span> 
     </span>
     <span class='ocr_line' id='line_1_33' title="bbox 310 3346 2537 3415; baseline 0 -17"><span class='ocrx_word' id='word_1_295' title='bbox 310 3348 446 3398; x_wconf 69' lang='lat' dir='ltr'><strong>Eri.</strong></span> <span class='ocrx_word' id='word_1_296' title='bbox 472 3351 519 3397; x_wconf 84' lang='lat'><strong>1.</strong></span> <span class='ocrx_word' id='word_1_297' title='bbox 543 3356 596 3399; x_wconf 83' lang='lat' dir='ltr'><strong>et</strong></span> <span class='ocrx_word' id='word_1_298' title='bbox 620 3346 797 3398; x_wconf 82' lang='lat' dir='ltr'><strong>Guelf.</strong></span> <span class='ocrx_word' id='word_1_299' title='bbox 822 3353 866 3399; x_wconf 91' lang='lat'><strong>1.</strong></span> <span class='ocrx_word' id='word_1_300' title='bbox 886 3350 939 3400; x_wconf 82' lang='lat' dir='ltr'><strong>in</strong></span> <span class='ocrx_word' id='word_1_301' title='bbox 959 3352 1088 3400; x_wconf 75' lang='lat' dir='ltr'><strong>clara</strong></span> <span class='ocrx_word' id='word_1_302' title='bbox 1107 3352 1323 3413; x_wconf 74' lang='lat' dir='ltr'><strong>civitate,</strong></span> <span class='ocrx_word' id='word_1_303' title='bbox 1345 3354 1532 3401; x_wconf 86' lang='lat' dir='ltr'><strong>omisso</strong></span> <span class='ocrx_word' id='word_1_304' title='bbox 1552 3356 1627 3415; x_wconf 72' lang='grc' dir='ltr'><strong>τῷ·</strong></span> <span class='ocrx_word' id='word_1_305' title='bbox 1649 3358 1782 3413; x_wconf 75' lang='lat' dir='ltr'><strong>tam,-</strong></span> <span class='ocrx_word' id='word_1_306' title='bbox 1817 3355 1867 3403; x_wconf 89' lang='lat' dir='ltr'><strong>in</strong></span> <span class='ocrx_word' id='word_1_307' title='bbox 1889 3353 2067 3405; x_wconf 78' lang='lat' dir='ltr'><strong>Guelf.</strong></span> <span class='ocrx_word' id='word_1_308' title='bbox 2090 3357 2140 3402; x_wconf 77' lang='lat'><strong>3.</strong></span> <span class='ocrx_word' id='word_1_309' title='bbox 2174 3353 2226 3401; x_wconf 87' lang='lat' dir='ltr'><strong>in</strong></span> <span class='ocrx_word' id='word_1_310' title='bbox 2249 3356 2385 3401; x_wconf 78' lang='lat' dir='ltr'><strong>tanta</strong></span> <span class='ocrx_word' id='word_1_311' title='bbox 2403 3351 2537 3399; x_wconf 74' lang='lat' dir='ltr'><strong>clam</strong></span> 
     </span>
    </p>
   </div>
   <div class='ocr_carea' id='block_1_9' title="bbox 278 3567 2539 4324">
    <p class='ocr_par' dir='ltr' id='par_1_9' title="bbox 333 3567 2538 3942">
     <span class='ocr_line' id='line_1_34' title="bbox 399 3567 2536 3637; baseline 0 -20"><span class='ocrx_word' id='word_1_312' title='bbox 399 3575 426 3611; x_wconf 67' lang='grc' dir='ltr'>Ι</span> <span class='ocrx_word' id='word_1_313' title='bbox 472 3568 553 3617; x_wconf 88' lang='lat' dir='ltr'><strong>De</strong></span> <span class='ocrx_word' id='word_1_314' title='bbox 594 3567 911 3632; x_wconf 80' lang='lat' dir='ltr'><strong>suasionibus]</strong></span> <span class='ocrx_word' id='word_1_315' title='bbox 969 3569 1100 3622; x_wconf 75' lang='lat' dir='ltr'><strong>Qnoe</strong></span> <span class='ocrx_word' id='word_1_316' title='bbox 1152 3578 1395 3633; x_wconf 84' lang='lat' dir='ltr'><strong>spectant</strong></span> <span class='ocrx_word' id='word_1_317' title='bbox 1476 3573 1569 3623; x_wconf 84' lang='lat' dir='ltr'><strong>sed</strong></span> <span class='ocrx_word' id='word_1_318' title='bbox 1596 3579 1793 3623; x_wconf 81' lang='lat' dir='ltr'><strong>tantum</strong></span> <span class='ocrx_word' id='word_1_319' title='bbox 1809 3574 2016 3637; x_wconf 82' lang='lat' dir='ltr'><strong>spectat</strong></span> <span class='ocrx_word' id='word_1_320' title='bbox 2034 3570 2154 3636; x_wconf 87' lang='lat' dir='ltr'><strong>quid</strong></span> <span class='ocrx_word' id='word_1_321' title='bbox 2171 3571 2426 3621; x_wconf 82' lang='lat' dir='ltr'><strong>interdum</strong></span> <span class='ocrx_word' id='word_1_322' title='bbox 2446 3570 2536 3618; x_wconf 87' lang='lat' dir='ltr'><strong>ali·</strong></span> 
     </span>
     <span class='ocr_line' id='line_1_35' title="bbox 335 3644 2534 3716; baseline -0 -22"><span class='ocrx_word' id='word_1_323' title='bbox 335 3645 438 3716; x_wconf 75' lang='lat' dir='ltr'><strong>tria</strong></span> <span class='ocrx_word' id='word_1_324' title='bbox 474 3644 684 3694; x_wconf 85' lang='lat' dir='ltr'><strong>dicendi</strong></span> <span class='ocrx_word' id='word_1_325' title='bbox 717 3660 928 3709; x_wconf 81' lang='lat' dir='ltr'><strong>genera,</strong></span> <span class='ocrx_word' id='word_1_326' title='bbox 952 3660 1067 3711; x_wconf 86' lang='lat' dir='ltr'><strong>cnm</strong></span> <span class='ocrx_word' id='word_1_327' title='bbox 1105 3644 1269 3697; x_wconf 81' lang='lat' dir='ltr'><strong>fusius</strong></span> <span class='ocrx_word' id='word_1_328' title='bbox 1303 3663 1394 3698; x_wconf 83' lang='lat' dir='ltr'><strong>ex·</strong></span> <span class='ocrx_word' id='word_1_329' title='bbox 1474 3651 1587 3714; x_wconf 87' lang='lat' dir='ltr'><strong>quis</strong></span> <span class='ocrx_word' id='word_1_330' title='bbox 1609 3665 1673 3698; x_wconf 80' lang='lat' dir='ltr'><strong>ex</strong></span> <span class='ocrx_word' id='word_1_331' title='bbox 1715 3649 1844 3713; x_wconf 87' lang='lat' dir='ltr'><strong>ipsis</strong></span> <span class='ocrx_word' id='word_1_332' title='bbox 1878 3646 2069 3698; x_wconf 75' lang='lat' dir='ltr'><strong>faciatz</strong></span> <span class='ocrx_word' id='word_1_333' title='bbox 2104 3646 2365 3707; x_wconf 82' lang='lat' dir='ltr'><strong>contingit</strong></span> <span class='ocrx_word' id='word_1_334' title='bbox 2397 3644 2534 3693; x_wconf 84' lang='lat' dir='ltr'><strong>enim</strong></span> 
     </span>
     <span class='ocr_line' id='line_1_36' title="bbox 333 3721 2537 3791; baseline 0 -21"><span class='ocrx_word' id='word_1_335' title='bbox 333 3723 500 3786; x_wconf 80' lang='lat' dir='ltr'><strong>plicet</strong></span> <span class='ocrx_word' id='word_1_336' title='bbox 542 3722 728 3772; x_wconf 86' lang='lat' dir='ltr'><strong>Cicero</strong></span> <span class='ocrx_word' id='word_1_337' title='bbox 782 3722 837 3772; x_wconf 87' lang='lat' dir='ltr'><strong>in</strong></span> <span class='ocrx_word' id='word_1_338' title='bbox 885 3722 1199 3788; x_wconf 71' lang='lat' dir='ltr'><strong>Pau-titione,</strong></span> <span class='ocrx_word' id='word_1_339' title='bbox 1245 3732 1394 3775; x_wconf 83' lang='lat' dir='ltr'><strong>notas</strong></span> <span class='ocrx_word' id='word_1_340' title='bbox 1476 3727 1755 3791; x_wconf 82' lang='lat' dir='ltr'><strong>aliqnando</strong></span> <span class='ocrx_word' id='word_1_341' title='bbox 1779 3733 1835 3774; x_wconf 90' lang='lat' dir='ltr'><strong>nt</strong></span> <span class='ocrx_word' id='word_1_342' title='bbox 1858 3726 1901 3774; x_wconf 85' lang='lat' dir='ltr'><strong>is</strong></span> <span class='ocrx_word' id='word_1_343' title='bbox 1923 3724 2010 3788; x_wconf 86' lang='lat' dir='ltr'><strong>qni</strong></span> <span class='ocrx_word' id='word_1_344' title='bbox 2034 3723 2235 3783; x_wconf 84' lang='lat' dir='ltr'><strong>suadet,</strong></span> <span class='ocrx_word' id='word_1_345' title='bbox 2257 3721 2537 3779; x_wconf 80' lang='lat' dir='ltr'><strong>utilitatem</strong></span> 
     </span>
     <span class='ocr_line' id='line_1_37' title="bbox 333 3799 2535 3868; baseline 0 -21"><span class='ocrx_word' id='word_1_346' title='bbox 333 3813 529 3862; x_wconf 85' lang='lat' dir='ltr'><strong>omnes,</strong></span> <span class='ocrx_word' id='word_1_347' title='bbox 566 3800 753 3864; x_wconf 88' lang='lat' dir='ltr'><strong>quibus</strong></span> <span class='ocrx_word' id='word_1_348' title='bbox 786 3800 1033 3850; x_wconf 83' lang='lat' dir='ltr'><strong>illustrari</strong></span> <span class='ocrx_word' id='word_1_349' title='bbox 1068 3809 1298 3864; x_wconf 84' lang='lat' dir='ltr'><strong>possunt,</strong></span> <span class='ocrx_word' id='word_1_350' title='bbox 1332 3816 1394 3852; x_wconf 83' lang='lat' dir='ltr'><strong>eo</strong></span> <span class='ocrx_word' id='word_1_351' title='bbox 1477 3811 1684 3868; x_wconf 82' lang='lat' dir='ltr'><strong>spectet</strong></span> <span class='ocrx_word' id='word_1_352' title='bbox 1722 3804 1774 3852; x_wconf 87' lang='lat' dir='ltr'><strong>in</strong></span> <span class='ocrx_word' id='word_1_353' title='bbox 1813 3801 2095 3859; x_wconf 79' lang='lat' dir='ltr'><strong>suadendo,</strong></span> <span class='ocrx_word' id='word_1_354' title='bbox 2119 3799 2210 3849; x_wconf 86' lang='lat' dir='ltr'><strong>sed</strong></span> <span class='ocrx_word' id='word_1_355' title='bbox 2247 3805 2327 3848; x_wconf 80' lang='lat' dir='ltr'><strong>est</strong></span> <span class='ocrx_word' id='word_1_356' title='bbox 2353 3809 2535 3847; x_wconf 76' lang='lat' dir='ltr'><strong>tamen</strong></span> 
     </span>
     <span class='ocr_line' id='line_1_38' title="bbox 336 3874 2538 3942; baseline 0.001 -20"><span class='ocrx_word' id='word_1_357' title='bbox 336 3874 623 3938; x_wconf 79' lang='lat' dir='ltr'><strong>rejicimus.</strong></span> <span class='ocrx_word' id='word_1_358' title='bbox 920 3914 921 3919; x_wconf 65' lang='lat'>,</span> <span class='ocrx_word' id='word_1_359' title='bbox 1480 3896 1655 3930; x_wconf 69' lang='lat' dir='ltr'><strong>serum</strong></span> <span class='ocrx_word' id='word_1_360' title='bbox 1680 3880 1988 3942; x_wconf 81' lang='lat' dir='ltr'><strong>dignitatem</strong></span> <span class='ocrx_word' id='word_1_361' title='bbox 2014 3877 2277 3941; x_wconf 66' lang='lat' dir='ltr'><strong>pracipue</strong></span> <span class='ocrx_word' id='word_1_362' title='bbox 2298 3891 2360 3925; x_wconf 88' lang='lat' dir='ltr'><strong>ac</strong></span> <span class='ocrx_word' id='word_1_363' title='bbox 2386 3877 2538 3939; x_wconf 76' lang='lat' dir='ltr'><strong>vulgo</strong></span> 
     </span>
    </p>

    <p class='ocr_par' dir='ltr' id='par_1_10' title="bbox 278 3950 2539 4324">
     <span class='ocr_line' id='line_1_39' title="bbox 402 3950 2536 4021; baseline 0.001 -21"><span class='ocrx_word' id='word_1_364' title='bbox 402 3950 426 3984; x_wconf 84' lang='lat'><strong>¹¹</strong></span> <span class='ocrx_word' id='word_1_365' title='bbox 463 3952 574 4000; x_wconf 88' lang='lat' dir='ltr'><strong>Non</strong></span> <span class='ocrx_word' id='word_1_366' title='bbox 598 3953 710 4015; x_wconf 79' lang='lat' dir='ltr'><strong>qnid</strong></span> <span class='ocrx_word' id='word_1_367' title='bbox 731 3952 958 4016; x_wconf 63' lang='lat' dir='ltr'><strong>maxime]</strong></span> <span class='ocrx_word' id='word_1_368' title='bbox 993 3953 1094 4006; x_wconf 82' lang='lat' dir='ltr'><strong>Qui</strong></span> <span class='ocrx_word' id='word_1_369' title='bbox 1122 3960 1271 4018; x_wconf 82' lang='lat' dir='ltr'><strong>putat</strong></span> <span class='ocrx_word' id='word_1_370' title='bbox 1295 3968 1397 4003; x_wconf 86' lang='lat' dir='ltr'><strong>me·</strong></span> <span class='ocrx_word' id='word_1_371' title='bbox 1479 3957 1815 4021; x_wconf 82' lang='lat' dir='ltr'><strong>spectandam</strong></span> <span class='ocrx_word' id='word_1_372' title='bbox 1862 3969 1994 4004; x_wconf 86' lang='lat' dir='ltr'><strong>esse.</strong></span> <span class='ocrx_word' id='word_1_373' title='bbox 2062 3954 2305 4003; x_wconf 80' lang='lat' dir='ltr'><strong>Ceterum</strong></span> <span class='ocrx_word' id='word_1_374' title='bbox 2342 3952 2407 4002; x_wconf 82' lang='lat' dir='ltr'><strong>ab</strong></span> <span class='ocrx_word' id='word_1_375' title='bbox 2439 3953 2536 4002; x_wconf 85' lang='lat' dir='ltr'><strong>hac</strong></span> 
     </span>
     <span class='ocr_line' id='line_1_40' title="bbox 335 4027 2539 4100; baseline 0 -22"><span class='ocrx_word' id='word_1_376' title='bbox 335 4027 435 4078; x_wconf 87' lang='lat' dir='ltr'><strong>lius</strong></span> <span class='ocrx_word' id='word_1_377' title='bbox 466 4042 578 4078; x_wconf 81' lang='lat' dir='ltr'><strong>esse</strong></span> <span class='ocrx_word' id='word_1_378' title='bbox 616 4030 831 4078; x_wconf 82' lang='lat' dir='ltr'><strong>utilitati</strong></span> <span class='ocrx_word' id='word_1_379' title='bbox 867 4030 1085 4092; x_wconf 80' lang='lat' dir='ltr'><strong>servire,</strong></span> <span class='ocrx_word' id='word_1_380' title='bbox 1110 4032 1153 4100; x_wconf 80' lang='lat' dir='ltr'><strong>is</strong></span> <span class='ocrx_word' id='word_1_381' title='bbox 1188 4046 1286 4080; x_wconf 90' lang='lat' dir='ltr'><strong>non</strong></span> <span class='ocrx_word' id='word_1_382' title='bbox 1321 4038 1398 4080; x_wconf 87' lang='lat' dir='ltr'><strong>at·</strong></span> <span class='ocrx_word' id='word_1_383' title='bbox 1479 4033 1740 4084; x_wconf 79' lang='lat' dir='ltr'><strong>sententia</strong></span> <span class='ocrx_word' id='word_1_384' title='bbox 1774 4030 1994 4082; x_wconf 83' lang='lat' dir='ltr'><strong>discedit</strong></span> <span class='ocrx_word' id='word_1_385' title='bbox 2037 4029 2235 4097; x_wconf 77' lang='lat' dir='ltr'><strong>Tullius</strong></span> <span class='ocrx_word' id='word_1_386' title='bbox 2269 4029 2320 4077; x_wconf 91' lang='lat' dir='ltr'><strong>in</strong></span> <span class='ocrx_word' id='word_1_387' title='bbox 2368 4029 2539 4088; x_wconf 75' lang='lat' dir='ltr'><strong>Parti·</strong></span> 
     </span>
     <span class='ocr_line' id='line_1_41' title="bbox 339 4097 2538 4173; baseline -0.001 -16"><span class='ocrx_word' id='word_1_388' title='bbox 339 4097 509 4157; x_wconf 73' lang='lat' dir='ltr'><strong>tendit</strong></span> <span class='ocrx_word' id='word_1_389' title='bbox 528 4106 650 4171; x_wconf 86' lang='lat' dir='ltr'><strong>quid</strong></span> <span class='ocrx_word' id='word_1_390' title='bbox 675 4107 736 4156; x_wconf 87' lang='lat' dir='ltr'><strong>iis</strong></span> <span class='ocrx_word' id='word_1_391' title='bbox 760 4105 1054 4157; x_wconf 79' lang='lat' dir='ltr'><strong>faciendum</strong></span> <span class='ocrx_word' id='word_1_392' title='bbox 1077 4109 1150 4157; x_wconf 88' lang='lat' dir='ltr'><strong>sit</strong></span> <span class='ocrx_word' id='word_1_393' title='bbox 1170 4108 1258 4172; x_wconf 88' lang='lat' dir='ltr'><strong>qui</strong></span> <span class='ocrx_word' id='word_1_394' title='bbox 1283 4098 1398 4158; x_wconf 82' lang='lat' dir='ltr'><strong>sua·</strong></span> <span class='ocrx_word' id='word_1_395' title='bbox 1458 4114 1642 4173; x_wconf 72' lang='lat' dir='ltr'><strong>tione,</strong></span> <span class='ocrx_word' id='word_1_396' title='bbox 1679 4108 1763 4160; x_wconf 85' lang='lat' dir='ltr'><strong>nbi</strong></span> <span class='ocrx_word' id='word_1_397' title='bbox 1799 4108 2075 4158; x_wconf 71' lang='lat' dir='ltr'><strong>utilitatem</strong></span> <span class='ocrx_word' id='word_1_398' title='bbox 2115 4104 2360 4168; x_wconf 83' lang='lat' dir='ltr'><strong>dignitati</strong></span> <span class='ocrx_word' id='word_1_399' title='bbox 2405 4119 2538 4169; x_wconf 77' lang='lat' dir='ltr'><strong>prae·</strong></span> 
     </span>
     <span class='ocr_line' id='line_1_42' title="bbox 278 4180 1599 4247; baseline 0.002 -16"><span class='ocrx_word' id='word_1_400' title='bbox 278 4190 286 4199; x_wconf 87' lang='lat'>&#39;</span> <span class='ocrx_word' id='word_1_401' title='bbox 340 4183 469 4232; x_wconf 87' lang='lat' dir='ltr'><strong>dent</strong></span> <span class='ocrx_word' id='word_1_402' title='bbox 490 4182 752 4242; x_wconf 81' lang='lat' dir='ltr'><strong>universe,</strong></span> <span class='ocrx_word' id='word_1_403' title='bbox 787 4180 848 4245; x_wconf 88' lang='lat' dir='ltr'><strong>(ii</strong></span> <span class='ocrx_word' id='word_1_404' title='bbox 873 4183 1011 4231; x_wconf 88' lang='lat' dir='ltr'><strong>enim</strong></span> <span class='ocrx_word' id='word_1_405' title='bbox 1034 4197 1150 4247; x_wconf 80' lang='lat' dir='ltr'><strong>quae</strong></span> <span class='ocrx_word' id='word_1_406' title='bbox 1172 4190 1290 4232; x_wconf 86' lang='lat' dir='ltr'><strong>sunt</strong></span> <span class='ocrx_word' id='word_1_407' title='bbox 1310 4183 1400 4233; x_wconf 83' lang='lat' dir='ltr'><strong>ho·</strong></span> <span class='ocrx_word' id='word_1_408' title='bbox 1479 4190 1599 4240; x_wconf 78' lang='lat' dir='ltr'><strong>fert.</strong></span> 
     </span>
     <span class='ocr_line' id='line_1_43' title="bbox 337 4256 1402 4324; baseline -0.002 -15"><span class='ocrx_word' id='word_1_409' title='bbox 337 4256 636 4310; x_wconf 82' lang='lat' dir='ltr'><strong>nestissims</strong></span> <span class='ocrx_word' id='word_1_410' title='bbox 660 4259 790 4316; x_wconf 76' lang='lat' dir='ltr'><strong>velle</strong></span> <span class='ocrx_word' id='word_1_411' title='bbox 823 4271 884 4307; x_wconf 81' lang='lat' dir='ltr'><strong>ac</strong></span> <span class='ocrx_word' id='word_1_412' title='bbox 919 4259 1137 4309; x_wconf 81' lang='lat' dir='ltr'><strong>suadere</strong></span> <span class='ocrx_word' id='word_1_413' title='bbox 1163 4258 1402 4324; x_wconf 82' lang='lat' dir='ltr'><strong>debent,)</strong></span> 
     </span>
    </p>
   </div>
  </div>
 </body>
</html>
