3020 4942
1018 388 1115 437 ΒΕ
1163 387 1542 442 oum-ORE,
1591 388 1706 436 ιιι.
1751 372 1860 437 48.
2365 372 2536 440 1221

431 541 453 570 ‘
476 533 660 615 Quid
692 540 917 619 petam
939 542 969 569 ¹¹
998 532 1328 618 praesidii,
1362 539 1485 596 aut
1513 532 1858 617 exequar‘l
1879 539 1908 583 ⁹
1952 551 2173 617 quove
2201 552 2375 600 nunc
2399 535 2453 599 ‘l'

342 638 411 703 A
441 659 578 722 quo
617 656 895 703 numero
926 657 1207 702 exorsus
1241 646 1349 701 est
1380 636 1729 712 Fanni·us,v
1773 640 1793 673 ‘
1828 635 1928 713 Si,
1961 635 2285 715 QuiriteS,
2313 640 2538 705 minas

344 741 577 805 illius.’
634 740 840 806 Hunc
869 741 981 804 ille
1014 740 1336 804 clausulis
1366 739 1695 824 aptiorem
1729 744 1943 823 putat,
1965 759 2132 822 quas
2166 741 2309 804 vult
2332 740 2539 823 longa

344 844 737 926 plerumque
788 843 1049 927 syllaba
1092 842 1448 908 terminari.
1561 857 1847 909 vaut.
1878 841 2029 906 184.
2090 841 2332 926 Neque
2380 864 2541 909 vero

345 946 493 1010 haec
522 952 655 1010 tam
686 965 908 1009 acrem
938 964 1166 1009 curam
1198 944 1742 1029 diligentiamque
1775 943 2168 1024 desiderant,
2199 966 2397 1029 quam
2431 953 2540 1012 est

345 1049 464 1112 illa
513 1046 899 1131 poetarum:
957 1066 1129 1131 quos
1175 1049 1554 1112 necessitas
1598 1048 1802 1130 cogit,
1842 1055 1913 1111 et
1940 1048 2103 1130 ipsi
2152 1049 2406 1113 numeri
2453 1069 2538 1115 ac

345 1151 555 1228 modi,
588 1151 688 1214 sic
722 1151 931 1214 verba
958 1150 1633 1226 versu·includere,ut
1662 1149 1826 1213 nihil
1857 1150 1971 1226 sit,
2002 1169 2084 1213 ne
2117 1152 2357 1233 spiritu
2388 1148 2540 1235 qui-

346 1250 499 1315 dem
527 1252 863 1328 minimo,w
891 1252 1180 1325 brevius,
1209 1259 1323 1317 aut
1352 1253 1633 1333 longiuS,
1662 1272 1861 1335 quam
1906 1271 2182 1315 necesse
2210 1257 2332 1316 est.
2423 1252 2544 1337 Li-

346 1354 565 1419 berior
591 1364 694 1420 est
721 1358 958 1435 oratio,
990 1364 1055 1420 et
1091 1356 1312 1440 plane,
1339 1365 1416 1419 ut
1436 1355 1699 1430 dicitur,
1719 1356 1818 1418 sic
1846 1361 1915 1418 et
1932 1359 2031 1418 est
2052 1373 2202 1418 vere
2223 1361 2242 1390 ¹
2278 1354 2540 1436 soluta;

343 1475 477 1521 non
505 1466 579 1524 ut
605 1458 823 1540 fugiat
852 1463 1100 1534 tamen,
1133 1466 1253 1524 aut
1280 1464 1475 1535 erret,
1499 1458 1615 1522 sed
1645 1466 1718 1523 ut
1742 1456 1889 1524 sine
1919 1457 2206 1523 vinculis
2232 1457 2546 1540 sibiipsa

341 1558 739 1625 moderetur.
832 1560 1150 1645 Namque
1183 1581 1309 1643 ego
1340 1561 1509 1625 illud
1543 1561 1874 1626 assentior
1901 1559 2398 1643 Theophrasto,
2422 1559 2540 1644 qni
2632 1566 2637 1571 '

341 1667 581 1744 putat²
613 1662 1010 1741 orationem,
1041 1683 1193 1748 quae
1220 1663 1492 1747 quidem
1536 1665 1627 1728 sit
1666 1664 1879 1747 polita
1908 1670 2116 1748 atque
2157 1663 2341 1729 facta
2372 1682 2540 1747 quo·

343 1763 720 1843 dammodo,
783 1786 917 1829 non
972 1767 1266 1843 astricte,
1326 1768 1443 1831 sed
1501 1768 1870 1831 remissius·
1913 1785 2332 1831 numerosam
2389 1784 2543 1829 esse

345 1872 674 1950 oportere.
751 1870 914 1935 185.
958 1869 1247 1946 Etenim,
1288 1869 1468 1935 sicut
1507 1870 1623 1934 ille
1663 1870 2069 1952 suspicatur,
2105 1889 2196 1933 ex
2233 1869 2372 1933 illis
2400 1887 2543 1932 mo-

346 1970 502 2047 dis,³
533 1971 775 2054 quibus
825 1971 936 2036 hic
987 1974 1270 2037 usitatus
1316 1992 1549 2038 versus
1599 1971 1902 2049 efficitur,
1931 1979 2087 2055 post
2124 1979 2540 2055 anapaestuS,

326 2075 684 2156 ‘procerior
712 2075 981 2158 quidam
1024 2096 1364 2153 numeruS,
1394 2076 1713 2156 effloruit3
1757 2075 1909 2140 inde
1950 2076 2064 2140 ille
2109 2074 2428 2139 licentior
2471 2083 2543 2139 et

344 2174 615 2240 divitior
645 2175 846 2241 fluxit
866 2178 1329 2263 dithyrambus
1348 2200 1366 2260 3
1386 2187 1412 2214 ⁸
1444 2179 1642 2263 cujus
1674 2178 1965 2242 membra
1993 2184 2060 2242 et
2088 2177 2321 2260 pedes»,
2350 2184 2419 2242 ut
2442 2178 2543 2241 ait

343 2277 544 2357 idem,
571 2287 726 2344 sunt
765 2282 833 2344 in
874 2282 1056 2346 omni
1098 2282 1416 2366 locupleti
1460 2284 1756 2347 oratione
1793 2280 2099 2346 diffusa-'¹⁸
2184 2279 2295 2356 Et,
2327 2278 2387 2343 si
2417 2298 2539 2365 nu·

406 2460 444 2485 ¹⁸⁸
477 2453 563 2503 Ex
583 2453 681 2503 illis
695 2454 904 2505 numeris
923 2455 1005 2520 qui
1025 2454 1276 2521 conficiunt
1301 2469 1490 2507 versum
1512 2456 1767 2515 heroicam,
1789 2454 1873 2519 qai
1894 2453 2099 2504 maxime
2120 2458 2193 2504 est
2213 2454 2266 2503 in
2284 2467 2390 2513 asu,
2411 2456 2545 2503 ortas

343 2525 415 2567 est
439 2533 600 2568 verm
619 2521 934 2583 anapestum
966 2521 1151 2570 heroico
1173 2521 1383 2584 liberior,
1404 2523 1487 2585 qui
1520 2528 1696 2583 proeter
1715 2521 1953 2586 dactylum
1973 2525 2022 2569 et
2041 2521 2307 2582 sponda-um
2327 2519 2545 2568 admittit

343 2590 636 2646 anapoestam
657 2600 673 2632 .·
707 2601 771 2634 ex
789 2587 1072 2649 anapestico
1092 2586 1250 2650 fluxit
1273 2589 1418 2635 multo
1451 2587 1668 2636 licentior
1690 2584 2036 2650 dithyrambus,
2057 2585 2140 2648 qai
2175 2599 2239 2633 ex
2259 2583 2540 2647 quibuslibet

339 2649 537 2712 pedibus
556 2649 773 2715 efficitur.

1263 2730 1621 2751 emmooeo

343 2819 496 2869 deest
514 2819 566 2868 iu
589 2820 700 2870 Eri.
725 2825 870 2871 1.-9
904 2821 1037 2878 Quia
1054 2826 1213 2885 petam
1230 2819 1476 2884 praesidia,
1498 2824 1583 2868 aut
1601 2834 1771 2882 sequar
1793 2820 1903 2869 Eri.
1932 2824 1981 2869 1.

409 2886 547 2935 cu.
568 2899 773 2934 xnvin.
840 2890 863 2935 1
904 2888 1069 2936 Codd.
1109 2886 1345 2939 Gruteri,
1381 2883 1556 2933 Guelf.
1594 2890 1639 2933 1.
1677 2886 1784 2934 Erl.
1810 2891 1856 2934 ι.
1891 2885 2073 2948 Stepb.
2114 2884 2294 2935 Lamb.
2333 2885 2541 2935 Schntz.

342 2949 554 3000 Harles.
575 2950 723 3001 ΜιιΙΙ.
747 2951 915 3002 Orell.
935 2953 1004 3002 sic
1025 2956 1095 3001 est
1117 2967 1260 3009 vere,-
1295 2950 1555 3000 Gruterus
1586 2950 1767 2999 maluit
1790 2950 1912 2998 sicut
1946 2954 2015 2999 est
2051 2952 2322 3013 solutastsc.
2390 2950 2540 3009 Mox,

341 3014 549 3078 effugiat
565 3046 608 3064 ..
623 3047 636 3061 .
650 3021 828 3065 terreat
851 3017 960 3066 Erl.
976 3020 1122 3065 1.—-2
1145 3016 1355 3065 Schutz.
1371 3022 1425 3064 et
1451 3015 1659 3064 Har-les.
1676 3016 1799 3078 quod
1819 3020 1975 3077 putat.
2041 3017 2189 3077 Mox,
2211 3016 2319 3066 Eri.
2337 3020 2383 3065 1.
2400 3023 2454 3061 et
2476 3015 2542 3065 al.

346 3094 432 3142 ap.
456 3080 711 3142 Verbnrg.
731 3083 881 3142 polita
901 3087 1042 3145 atque
1060 3081 1340 3142 fractae—3
1374 3081 1463 3130 Ita
1484 3082 1634 3131 Junt.
1655 3090 1711 3129 et
1735 3079 1916 3128 Lamb.
1936 3085 2070 3129 etex
2089 3081 2191 3130 illis
2210 3081 2363 3130 modis
2378 3080 2541 3130 Grut.

340 3159 405 3193 ex
424 3144 502 3192 liis
523 3146 673 3193 modis
692 3145 991 3197 Becichem.
1013 3155 1067 3196 et
1091 3149 1267 3211 margo
1290 3146 1438 3197 Crat.
1487 3160 1551 3195 ex
1568 3146 1680 3195 istis
1698 3146 1850 3195 modis
1871 3143 2054 3197 Guelf.
2070 3150 2119 3196 1.
2141 3146 2251 3196 Eri.
2265 3150 2312 3196 1.
2331 3146 2539 3195 Schntz.

1328 3275 1556 3327 No'rAE-

341 3358 606 3425 phimacer
626 3360 688 3413 fit
711 3376 776 3411 ex
791 3363 961 3426 longa,
978 3362 1142 3427 brevi,
1158 3369 1215 3413 et
1229 3365 1403 3427 longa,
1476 3366 1646 3425 chum,
1685 3366 1773 3429 qni
1814 3373 1870 3415 et
1906 3367 2018 3430 ipse
2054 3365 2424 3431 Dithyrambus
2459 3373 2554 3418 est¹

343 3443 404 3485 ut
422 3442 437 3464 ‘
454 3436 755 3503 maximosz’
790 3452 883 3500 par
907 3445 986 3487 est
1011 3438 1180 3506 paeoni
1203 3440 1403 3487 aurium
1474 3439 1784 3505 appellatus,
1807 3442 1902 3491 ἀπὸ
1923 3445 2011 3494 τοῦ
2044 3443 2115 3494 δὶς
2148 3444 2216 3494 εἰς
2251 3443 2410 3508 θύραν,
2444 3459 2540 3494 seu

341 3521 489 3565 certo
513 3513 737 3577 judicio,
761 3529 913 3563 unam
946 3514 1084 3564 enim
1116 3515 1323 3578 longam
1350 3521 1405 3565 et
1473 3518 1557 3569 δύο
1579 3519 1716 3584 θύρας
1734 3518 1990 3582 ἐμβαίνειν,
2011 3523 2137 3585 quod
2159 3521 2233 3570 his
2252 3521 2304 3571 iu
2331 3526 2553 3583 portam,—

341 3590 469 3649 duas
489 3588 675 3640 breves
691 3591 974 3656 aequalibus
990 3591 1282 3640 intervallis
1298 3605 1404 3641 me·
1473 3597 1575 3646 sive
1610 3599 1730 3647 duas
1764 3602 1942 3660 portas,
1979 3587 2224 3658 ingressus
2257 3602 2378 3647 esset
2394 3613 2415 3655 ,-
2461 3599 2539 3646 bis

340 3668 512 3716 timur.
1473 3665 1610 3738 enim
1641 3681 1793 3723 uatus
1832 3671 2163 3735 credebatur,
2195 3671 2438 3722 videlicet
2471 3686 2539 3722 ex

407 3752 431 3776 ⁰
465 3742 595 3799 Quid
608 3742 793 3807 petam]
824 3742 1017 3794 Versus
1033 3757 1100 3793 ex
1116 3742 1272 3793 Ennii
1291 3743 1401 3793 He·
1471 3758 1640 3799 matre
1683 3749 1905 3808 Semele,
1942 3748 2134 3799 deinde
2174 3763 2242 3798 ex
2274 3748 2423 3800 Jovis
2459 3743 2537 3797 fe·

340 3821 495 3874 cuba.
1166 3865 1195 3887 ,
1472 3840 1637 3875 more.
1707 3824 2143 3887 Carminivgenm
2166 3838 2269 3888 quo
2293 3822 2538 3874 conficie-

406 3906 430 3930 V
463 3897 701 3963 Fannius]
736 3898 818 3947 De
840 3913 942 3961 quo
965 3898 1017 3947 in
1043 3899 1228 3950 Bruto.
1471 3901 1629 3951 batur
1652 3901 1733 3951 hic
1751 3902 1969 3966 hymnus
1990 3901 2246 3964 quoslibet
2265 3900 2426 3963 pedes
2444 3899 2534 3950 ad·

403 3980 437 4006 W
472 3975 552 4023 Ne
569 3975 744 4038 spiritu
758 3976 942 4037 quidem
957 3976 1178 4040 minimo]
1210 3975 1294 4024 Ita
1310 3989 1401 4038 pe·
1471 3980 1734 4029 mittebat.
1785 3979 1972 4027 Horat.
1996 3991 2073 4027 lv.
2092 3976 2198 4027 Οὐ.
2214 3981 2264 4027 2.
2284 3982 2365 4027 10.
2399 3983 2414 4005 ‘
2431 3977 2537 4026 Seu

340 4050 434 4100 des
467 4050 520 4098 in
559 4051 792 4100 versibus
825 4051 932 4100 suis
967 4053 1157 4116 quique
1187 4052 1400 4103 sedibus
1473 4069 1568 4117 per
1590 4055 1813 4103 audaces
1836 4068 1966 4103 nova
1989 4052 2341 4118 dithyrambos
2360 4054 2540 4103 Verba

339 4128 542 4191 disponi
563 4126 774 4192 debent,
796 4138 851 4176 ut
878 4142 943 4177 ne
970 4129 1171 4193 syllaba
1192 4130 1400 4194 quidem
1472 4130 1718 4194 devolvit,
1739 4130 2072 4195 numerisque
2103 4127 2269 4181 fertur
2289 4130 2430 4193 Lege
2453 4145 2536 4181 so-

341 4206 426 4253 vel
450 4205 584 4253 desit
607 4205 690 4253 vel
712 4201 991 4255 redundet.
1018 4235 1027 4247 ·
1473 4206 1635 4256 lutis!

344 4284 349 4288 ’
406 4289 433 4315 ¹
462 4281 841 4345 ‘DithyrambusJ
893 4281 1132 4344 Hymnus
1157 4281 1232 4341 ,ad
1268 4282 1412 4340 Bam,
