3020 4942
448 356 453 367 ·
507 333 636 396 660
937 349 945 357 ’
1244 345 1362 391 ·M.
1409 345 1474 390 r.
1523 343 1950 394 crcERoms‘

449 532 454 538 -
510 492 1004 578 complexionis
1055 511 1191 555 rem
1225 510 1357 556 non
1390 492 1708 574 indigere.
1800 490 2023 556 Nobis
2066 497 2287 557 autem
2329 493 2693 556 videtur÷et

509 597 1168 662 omnisratiocinatio
1194 596 1661 660 concludenda
1683 615 1829 659 esse
1853 618 1871 678 ;
1902 602 1967 659 et
1987 595 2150 659 illud
2175 588 2484 670 ’vitium,¹⁵
2518 594 2695 676 quod

502 705 643 768 illis
675 703 1008 786 displicet,
1038 721 1432 785 magnopere
1467 699 1897 777 vitandum,¹⁶
1925 721 2030 779 ne,
2062 701 2241 784 quod
2274 700 2692 784 perspicuum

505 807 618 882 sit,
649 805 718 868 id
754 806 818 867 in
845 791 1450 887 complexionem'17
1495 794 1891 867 inseramus(
1958 805 2066 868 73.
2114 804 2270 868 Hoc
2302 797 2694 866 autem2fieri

503 915 828 1000 poterit‚¹⁸
876 918 935 980 si
968 915 1507 998 complexionum
1554 934 1788 996 genera
1818 915 2283 999 intelligantur.
2329 970 2334 976 .
2372 914 2550 978 Nam
2583 914 2697 974 aut

504 1019 606 1083 ita
637 1019 1181 1101 complectemur,
1231 1027 1311 1082 ut-
1346 1019 1414 1082 in
1443 1022 1658 1081 unum'
1682 1019 2134 1083 conducamus
2167 1018 2694 1102 propositionem

506 1131 578 1184 et
607 1121 1137 1198 assumtionem!
1157 1122 1283 1186 hoc
1314 1121 1550 1184 modo:
1599 1119 1866 1199 Quodsi
1896 1121 2076 1205 leges
2106 1142 2335 1205 omnes
2357 1129 2407 1171 ¹⁹
2452 1119 2537 1183 ad
2574 1117 2695 1178 uti-

502 1225 759 1289 litatem
806 1225 1201 1308 reipublicae
1249 1226 1479 1288 referri
1526 1226 1857 1299 convenit,
1904 1225 2014 1290 hic
2064 1235 2284 1290 autem
2333 1225 2533 1288 saluti
2581 1220 2693 1283 rei-

504 1329 801 1411 publicae
833 1327 1127 1411 profuit3
1174 1327 1482 1409 profecto
1515 1348 1642 1391 non
1675 1338 1905 1410 potest
1932 1330 2164 1393 eodem
2196 1329 2466 1403 facto‚²0
2496 1333 2567 1389 et
2594 1343 2695 1387 sa-

503 1430 636 1495 luti
661 1431 993 1495 communi
1013 1432 1452 1508 consuluisse,
1482 1439 1548 1495 et
1566 1433 1829 1513 legibus
1853 1452 1987 1495 non
2012 1434 2549 1516 obtemperasse:
2582 1433 2697 1489 aut

504 1535 628 1612 ita,-
687 1543 767 1598 ut
816 1553 901 1596 ex
936 1535 1294 1598 contrario
1353 1536 1683 1600 sententia
1744 1537 2157 1613 conficiatur,
2215 1536 2345 1599 hoc
2401 1533 2690 1598 modo:¹

505 1637 784 1701 Summa
822 1636 1020 1720 igitur
1064 1637 1360 1702 amentia
1405 1646 1535 1715 est,
1579 1640 1646 1701 in
1693 1659 1925 1703 eorum
1975 1638 2150 1703 fide²
2195 1659 2385 1723 spem
2427 1638 2692 1709 habere,

504 1751 789 1822 'quorum
833 1739 1115 1823 perfidia
1157 1741 1356 1805 toties
1399 1740 1728 1825 deceptus
1761 1743 1892 1806 sis:
1941 1748 2055 1806 aut
2085 1742 2204 1819 ita,
2236 1751 2307 1806 ut
2346 1742 2427 1805 id*
2456 1741 2693 1811 solum,

505 1842 1097 1926 quod‘conficitur',
1131 1842 1461 1920 inferatur,
1494 1845 1576 1908 ad
1608 1845 1781 1909 hunc
1816 1845 2124 1909 modum:
2156 1853 2176 1892 ³
2223 1845 2476 1911 Urbem
2508 1844 2696 1925 igitur

506 1946 884 2009 diruamus:
932 1952 1074 2022 aut,
1111 1953 1185 2010 ut
1217 1946 1306 2023 id,
1362 1947 1545 2028 quod
1579 1968 1723 2010 eam
1757 1955 1950 2025 rem,4
1991 1968 2143 2032 quae
2178 1948 2547 2023 conficitur,
2597 1940 2693 2006 se-‘

503 2044 764 2131 5quatur,
811 2067 1086 2111 necesse
1133 2054 1252 2112 est.
1341 2049 1423 2113 Id
1467 2057 1574 2113 est
1613 2050 2076 2136 hujusmodi:5
2120 2050 2196 2114 Si
2224 2051 2505 2134 peperit,
2550 2066 2695 2111 cum

501 2151 643 2213 viro
674 2150 1063 2214 concubuit:
1111 2153 1375 2235 peperit
1424 2161 1701 2216 autem.·
1760 2152 2125 2217 Conficitur
2167 2152 2389 2218 hoc·:⁶
2435 2152 2693 2217 Concu·

500 2248 653 2317 buit
694 2254 896 2335 igitur
926 2273 1080 2317 cum
1110 2253 1279 2318 viro·
1372 2255 1533 2318 Hoc
1579 2256 1638 2319 si
1684 2255 1856 2318 nolis
1901 2257 2157 2334 inferre,
2189 2265 2256 2319 et
2279 2265 2320 2305 ⁷·
2351 2257 2596 2320 inferas
2626 2249 2693 2314 id

504 2354 686 2439 quod
716 2355 1096 2438 sequiturz⁸
1140 2356 1305 2421 fecit
1342 2358 1539 2439 igitur
1578 2358 1902 2422 incestum
1926 2365 1985 2441 3⁸
2027 2366 2099 2422 et
2146 2359 2559 2422 concluseris
2593 2375 2693 2419 ar-

557 2558 592 2600 s
619 2559 702 2620 Sic
718 2561 1058 2621 concludemus,
1079 2563 1137 2607 ut
1151 2558 1292 2607 simul
1310 2560 1455 2621 collig
1425 2573 1591 2608 “amus
1608 2560 1968 2623 propositionem
1983 2567 2031 2611 et
2049 2561 2397 2611 assumtionem

1419 2714 1793 2737 ΟΜΝΜΟ

498 2834 612 2877 atur
633 2842 692 2877 ex
714 2825 1077 2876 ratiocinatione
1097 2829 1316 2890 quoniam
1347 2825 1647 2892 perspicuum
1683 2836 1772 2887 est,
1795 2833 1917 2893 quod
1939 2831 1981 2878 si
1999 2830 2128 2896 fiat.-
2162 2831 2207 2879 B
2233 2832 2292 2880 M
2312 2832 2530 2894 quoniam
2546 2845 2698 2908 persp.

499 2894 567 2941 sit
606 2895 725 2956 quod
760 2891 1035 2957 conficiatur
1069 2909 1131 2941 ex
1165 2895 1540 2944 ratiocinatione.
1613 2896 1753 2951 Quod
1776 2911 1819 2943 si
1809 2897 1961 2959 fiat
1995 2897 2060 2961 W
2084 2901 2111 2945 θ
2131 2897 2378 2961 conficitur
2409 2914 2473 2947 ex
2501 2899 2697 2946 ratione.

420 2989 427 2997 ι
505 2960 642 3013 Quod
665 2958 833 3022 sistat.
895 2975 926 3005 κ
947 2958 1196 3021 conficitur
1218 2974 1278 3007 ex
1300 2961 1682 3027 ratiocinatione.
1752 2961 1890 3016 Quod
1921 2976 2024 3009 cum
2045 2962 2175 3025 fiat.-
2209 2971 2263 3026 et
2285 2964 2321 3023 ψ
2341 2963 2391 3010 id
2411 2959 2533 3025 cuod
2553 2961 2694 3025 confi-

500 3025 626 3072 citur
647 3038 709 3071 ex
730 3023 1113 3078 ratiocinatione,
1133 3026 1252 3085 quod
1274 3021 1321 3071 si
1336 3024 1454 3087 fiat.
1523 3026 1585 3075 In
1620 3026 1738 3073 Sch.
1772 3028 1890 3087 quod
1916 3027 2191 3091 conficiatur
2213 3028 2427 3090 quoniam
2444 3043 2597 3091 persp.
2618 3029 2698 3074 sit.

502 3090 658 3137 Voss.
683 3091 729 3136 1
750 3092 799 3135 2.
820 3090 944 3150 quod
966 3087 1092 3147 conf.
1116 3104 1177 3137 ex
1197 3089 1577 3147 ratiocinatione,
1604 3091 1800 3138 omissis
1821 3093 1986 3154 compl.
2014 3106 2115 3139 rem
2146 3108 2236 3139 non
2268 3094 2369 3139 ind.
2435 3094 2545 3140 Pro
2577 3091 2697 3155 qnod

492 3152 801 3217 conficiatur,
823 3170 860 3199 ω
881 3156 927 3200 1.
949 3155 1073 3213 quod
1106 3151 1353 3216 conficitur
1385 3156 1523 3212 ideo,·
1560 3164 1612 3204 et
1636 3176 1671 3203 ω
1694 3159 1741 3204 2.
1775 3158 1896 3218 quod
1929 3155 2207 3221 conficiatur
2241 3172 2302 3206 ex
2338 3159 2695 3223 ratiocinatione

495 3220 624 3281 quod
638 3218 813 3282 sifiat.
877 3219 1014 3265 Dein
1039 3234 1138 3266 rem
1163 3218 1311 3266 abest
1345 3234 1375 3265 a
1398 3220 1543 3267 Leid.
1567 3224 1613 3268 1.
1636 3226 1685 3271 3.
1752 3222 1963 3279 Schutz.
1992 3222 2187 3269 delevit
2212 3218 2383 3270 verba
2402 3224 2568 3285 compl.
2600 3234 2696 3269 rem

500 3299 593 3332 non
615 3284 717 3329 ind.
726 3297 856 3346 quae
882 3282 1006 3329 ΕΠ).
1031 3284 1208 3344 spuria
1229 3296 1341 3331 esse
1368 3287 1603 3347 putavit3
1637 3297 1692 3335 et
1714 3287 1937 3337 Wetzel.
1959 3302 2074 3336 cum
2098 3288 2264 3336 oren.
2289 3289 2433 3336 uncis
2457 3287 2694 3337 includit.

494 3353 628 3416 5--15
667 3333 836 3395 voces
859 3347 977 3394 illud
996 3348 1164 3395 vitium
1184 3356 1440 3411 suspectae
1475 3361 1599 3400 sunt
1622 3352 1892 3407 Ernestio:
1928 3354 2131 3401 Schutz.
2168 3368 2254 3401 eas
2291 3353 2518 3401 delevit:
2554 3354 2696 3400 Wet-

494 3405 594 3462 zel.
621 3414 766 3459 uncis
791 3406 1028 3460 includit.
1033 3416 1161 3461 —16
1195 3416 1253 3463 M
1277 3413 1522 3465 vitandum
1543 3423 1630 3466 est.
1635 3421 1758 3465 —17
1794 3418 1941 3466 Leid.
1964 3422 2014 3465 2.
2036 3418 2087 3464 id
2119 3417 2173 3464 in
2205 3420 2547 3480 complexione.-
2578 3418 2621 3474 B
2645 3418 2694 3463 in

498 3476 809 3535 conclusione,
826 3478 1010 3524 omisso
1029 3478 1095 3525 id.
1099 3482 1226 3527 —18
1261 3480 1407 3528 Leid.
1429 3484 1477 3528 2.
1497 3488 1665 3545 potest.
1729 3482 1857 3529 Mox
1891 3481 1969 3543 M,
1994 3481 2114 3529 Sch.
2139 3482 2290 3530 Voss.
2322 3486 2369 3530 1.
2388 3488 2437 3531 2.
2474 3482 2619 3532 Leid.
2644 3486 2691 3529 3·

501 3545 584 3592 ed.
624 3540 833 3589 Omnib.
867 3542 1222 3603 intelligentur.-
1258 3548 1285 3592 Θ
1318 3555 1374 3594 et
1406 3546 1552 3594 Leid.
1582 3552 1626 3596 l.
1659 3548 2012 3608 intelliguntur.
2014 3549 2144 3598 -19
2177 3548 2236 3596 Μ
2278 3557 2422 3596 caret
2460 3542 2694 3598 omnesv-

499 3612 565 3656 20
603 3607 748 3654 Leid.
771 3607 818 3652 2.
838 3611 938 3667 pot.
956 3614 1002 3656 et
1024 3606 1352 3676 eodempacto'.
1414 3609 1483 3659 In
1509 3612 1552 3658 B
1580 3612 1624 3660 L
1649 3613 1706 3660 M
1733 3613 1798 3660 W
1822 3629 1869 3671 κ,
1889 3612 2008 3659 Sch.
2032 3611 2177 3660 Leid.
2202 3616 2248 3660 1.
2265 3611 2315 3660 2.
2338 3618 2386 3661 3.
2401 3615 2526 3661 Tur.
2544 3610 2692 3660 eted.

495 3661 713 3725 Omnib.
749 3685 952 3734 qnoque
987 3673 1142 3735 pacto.
1153 3679 1238 3723 -l
1277 3675 1423 3724 Unus
1463 3677 1565 3724 Ms.
1596 3692 1663 3738 ap
1668 3677 1889 3725 .Lamb.
1912 3676 2041 3725 obt..-
2069 3682 2155 3725 aut
2187 3677 2475 3726 contrarium
2512 3679 2693 3726 conclu·

499 3729 650 3785 sionis
672 3736 918 3797 inserimus
939 3737 1025 3786 hoc
1049 3740 1214 3786 modo.-
1246 3756 1277 3786 κ
1299 3746 1354 3787 et
1379 3739 1524 3787 Leid.
1546 3745 1595 3789 2.
1618 3744 1667 3789 3.
1686 3737 1812 3789 obi„-
1844 3746 1928 3789 aut
1958 3742 2270 3790 contrarium
2279 3740 2587 3791 conclusionis
2620 3742 2689 3787 in·

489 3801 720 3861 feremus,
754 3802 837 3849 hoc
871 3804 1036 3851 modo.-
1070 3803 1116 3850 L
1145 3804 1276 3852 obt..-
1308 3805 1597 3853 contrarium
1634 3806 1941 3854 conclusionis
1974 3806 2231 3865 inferemus
2266 3808 2351 3855 hoc
2386 3810 2552 3857 modo.-
2588 3824 2624 3852 ω
2649 3809 2693 3852 1.

501 3868 626 3916 obt..
616 3883 629 3896 ·
661 3872 745 3916 aut
765 3867 1053 3915 contrarium
1087 3869 1400 3917 conclusiones
1434 3869 1691 3928 inferemus
1716 3871 1800 3919 hoc
1822 3873 1985 3920 modo.-
2019 3888 2055 3917 ω
2076 3875 2126 3918 2.
2148 3871 2271 3920 obt..-
2303 3879 2385 3920 aut
2406 3872 2691 3921 contrarium

500 3933 810 3980 conclusiones
845 3932 1100 3991 inferemus
1127 3932 1212 3980 hoc
1242 3940 1412 3995 pacto:
1443 3935 1564 3982 Sch.
1586 3950 1616 3983 a
1640 3952 1707 3984 m.
1732 3951 1811 3998 pr.
1832 3936 1957 3984 obt..-
1988 3940 2074 3983 aut
2106 3950 2167 3983 ex
2203 3937 2443 3985 contrario
2464 3936 2691 3995 jacienda

500 4003 571 4045 est
590 3996 842 4059 complexio
860 3999 924 4045 ad
945 3998 1066 4045 hunc
1086 3999 1287 4046 modum.
1351 3999 1507 4062 Vulg.
1531 4000 1652 4050 obt..·
1686 4008 1767 4051 aut
1791 4003 1863 4050 ita
1884 4007 1937 4049 ut
1958 4014 2021 4047 ex
2052 4002 2291 4049 contrario
2320 4002 2555 4052 sententia
2586 4014 2690 4049 con·

487 4061 710 4125 ficiatur,
734 4062 818 4109 hoc
849 4064 999 4114 modo.
1002 4059 1098 4111 -2
1133 4063 1339 4125 nfidem.
1344 4069 1439 4114 —3
1473 4066 1596 4114 '.l'ur
1619 4068 1703 4116 hoc
1723 4069 1873 4115 modo.
1945 4064 2079 4112 Dein
2104 4082 2135 4112 κ
2154 4066 2281 4115 dir-s
2312 4067 2385 4117 ita
2404 4068 2488 4118 id.-
2520 4071 2547 4115 Θ
2567 4065 2689 4113 dir-s

502 4127 687 4175 antid.-
714 4117 870 4175 Leid.
891 4131 939 4175 3
963 4128 1086 4176 dir..
1078 4144 1090 4156 ·
1122 4134 1207 4175 aut
1237 4128 1308 4177 ita
1330 4134 1383 4177 ut
1405 4130 1474 4184 id.
1477 4135 1575 4179 -4
1610 4133 1685 4186 Μ,
1711 4136 1813 4180 ω2.
1841 4138 1894 4177 et
1932 4130 2077 4178 Leid.
2102 4133 2150 4177 2.
2183 4132 2389 4181 eamdem
2420 4148 2533 4181 rem.
2535 4136 2627 4178 ——5
2663 4131 2689 4174 θ

504 4191 566 4239 Id
599 4191 893 4252 hujusmodi:
928 4208 958 4239 κ
990 4192 1268 4255 hujusmodi,
1302 4195 1411 4242 sine
1446 4196 1498 4244 id
1533 4201 1618 4245 est.
1626 4200 1718 4243 -6
1756 4197 1799 4244 Β
1824 4196 1890 4243 W
1914 4198 2009 4251 θκ,
2043 4200 2146 4243 ω2.
2165 4197 2314 4256 Cons.
2359 4199 2445 4247 hoc
2481 4198 2687 4246 moda—-

502 4258 535 4303 7
571 4257 804 4322 Copula
792 4271 843 4307 m
868 4274 897 4304 κ
918 4264 973 4307 et
993 4275 1030 4305 ω
1052 4263 1097 4308 1.
1118 4258 1280 4309 deest·
1285 4263 1388 4308 -8
1415 4261 1471 4310 Μ
1496 4253 1559 4311 W
1583 4278 1613 4309 ec
1634 4262 1972 4324 consequitur
1987 4261 2138 4310 -Mox
2161 4262 2221 4311 M
2242 4268 2316 4311 et
2307 4268 2431 4313 tunc
2457 4263 2688 4313 concluse·
