3020 4942
989 315 1088 361 DE
1137 275 1514 371 onnon,
1566 313 1650 361 11.
1697 298 1802 363 13.
2334 300 2465 366 969

308 457 440 536 fuit,
462 457 715 544 'aliique
754 460 1094 553 permulti3
1140 459 1298 523 talis
1330 468 1551 524 noster
1580 458 1771 538 Cato,
1798 465 1863 524 et
1897 460 2148 539 Pictor,
2181 466 2248 526 et
2276 459 2479 541 Piso,-

309 562 430 643 qui,
451 581 657 644 neque
686 568 930 633 tenent,
973 563 1215 645 quibus
1260 562 1457 626 rebus
1486 568 1756 626 ornatur
1787 563 2022 638 oratic,
2057 563 2256 627 modo
2295 566 2466 629 enim

305 661 579 728 hucista
614 671 763 727 sunt
788 663 1211 747 importata,¹¹·
1240 674 1328 741 et,
1375 664 1530 729 dum
1578 665 1996 747 intelligatur,
2030 667 2188 748 quid
2217 666 2465 761 dicant,

311 784 487 828 unam
520 766 782 831 dicendi
811 766 1076 831 laudem
1110 771 1346 849 putant
1377 787 1531 831 esse
1563 768 2003 832 brevitatem..
2062 768 2168 831 54.
2216 767 2468 832 Paulu-

304 864 426 929 lum
449 887 517 930 se
545 869 780 943 erexit,
824 868 1182 933 et-addidit
1212 868 1512 932 historiae
1546 870 1860 953 majorem
1892 886 2125 937 sonum
2153 870 2339 934 vocis
2361 882 2390 907 ¹·
2418 879 2465 909 ³¹

300 968 392 1031 vir
417 970 723 1050 optimus,
751 970 982 1035 Crassi
1012 970 1379 1049 familiariS,
1404 970 1798 1055 Antipater:
1822 980 1850 1006 V
1880 973 2095 1045 ceteri
2112 991 2242 1035 non
2267 991 2479 1037 exor-·
2506 986 2509 987 ’

299 1076 545 1135 natores
577 1093 815 1151 rerum,
859 1073 979 1137 sed
1010 1075 1465 1138 tantummodo
1508 1082 1870 1139 narratores
1909 1074 2223 1139 fuerunt.-
2285 1090 2466 1138 xm.

299 1173 1041 1258 Est,.inquit<CatuluS,
1085 1182 1161 1237 ut
1205 1175 1414 1255 dicis:
1462 1177 1585 1239 sed
1626 1178 1751 1240 iste
1790 1178 1938 1259 ipse
1969 1177 2225 1241 Coelius
2256 1197 2468 1261 neque

297 1273 586 1340 distinxit
634 1277 981 1342 historiam
1036 1277 1357 1341 varietate
1417 1279 1717 1343 locorum
1744 1299 1763 1358 ;
1792 1286 1810 1314 ¹
1856 1299 2072 1362 neque
2114 1281 2478 1344 verborum⁵
2506 1268 2521 1275 ’

297 1379 752 1460 collocatione,
785 1390 856 1448 et
883 1387 1097 1446 tractu
1137 1381 1458 1445 orationis
1488 1383 1624 1447 leni
1653 1389 1719 1445 et
1762 1380 2080 1464 aequabili
2111 1383 2468 1466 perpolivit

295 1478 443 1545 illud
474 1502 687 1567 opus;
735 1484 856 1548 sed
902 1489 977 1547 ut
1008 1484 1201 1548 homo
1233 1503 1441 1566 neque
1471 1482 1735 1561 doctuS‚
1769 1504 1988 1568 neque
2023 1485 2312 1547 maxime
2344 1504 2463 1568 ap-

297 1587 394 1646 tus
419 1586 508 1648 ‘ad
540 1586 920 1663 dicendum,
943 1587 1132 1649 sicut.
1145 1586 1382 1669 potuit,
1411 1585 1695 1651 dolavit:
1730 1587 1888 1650 vicit
1910 1594 2147 1662 tamen,
2172 1595 2247 1649 ut
2269 1586 2466 1663 dicis,

290 1690 686 1768 superiores.
773 1688 1208 1753 55..Minime
1258 1688 1518 1766 mirum,
1575 1690 1793 1772 inquit
1831 1688 2191 1767 AntoniuS,
2236 1690 2294 1753 si
2333 1690 2467 1753 ista

287 1806 381 1851 res
427 1790 640 1856 adhuc
689 1800 917 1856 nostra
963 1792 1192 1872 lingua
1239 1792 1575 1857 illustrata
1621 1812 1755 1873 non
1802 1805 1928 1857 est.
2016 1791 2239 1855 Nemo
2288 1791 2461 1855 enim

286 1891 494 1956 studet
540 1895 961 1978 eloquentiae.
999 1901 1377 1973 nostrorum
1420 1895 1790 1972 hominum,
1822 1895 1948 1958 nisi
1978 1902 2055 1958 ut
2084 1895 2413 1958 incausis
2437 1900 2465 1930 ²

287 1999 478 2078 atque
509 1997 579 2060 in
610 1997 753 2062 foro
793 1998 1100 2062 eluceat:
1148 1999 1329 2082 apud
1361 1997 1645 2063 Graecos
1676 2006 1903 2063 autem
1936 1995 2465 2079 eloquentissimi

283 2094 597 2177 homines,
644 2102 875 2165 remoti
918 2121 959 2164 a
1004 2102 1231 2165 causis
1274 2102 1676 2179 forensibuS,
1723 2121 1876 2166 cum
1922 2102 2011 2165 ad
2057 2104 2310 2163 ceteras
2356 2116 2464 2160 res

281 2196 587 2279 illustres,
614 2210 755 2265 tum
787 2202 872 2266 ad
905 2204 1325 2269 scribendam
1355 2205 1702 2269 historiam
1734 2205 2025 2267 maxime
2058 2221 2131 2266 se
2159 2200 2466 2284 applica-

281 2309 524 2369 verunt.
589 2303 908 2388 Namque
932 2315 999 2369 et
1025 2305 1499 2370 Herodotumw
1532 2307 1742 2380 illum,
1770 2306 1887 2389 qui
1920 2305 2225 2387 princeps
2256 2321 2467 2383 genus

279 2400 426 2469 hoc
444 2408 759 2483 ornavit,⁰
801 2408 869 2469 in
914 2409 1139 2473 causis
1172 2409 1329 2471 nihil
1360 2409 1628 2471 omnino
1655 2415 1675 2454 3
1723 2414 2058 2474 versatum
2090 2425 2242 2468 esse
2275 2423 2466 2469 acce-

280 2506 528 2587 pimus.
578 2511 766 2592 atqui
801 2517 985 2574 tanta
1014 2518 1117 2576 est
1147 2511 1551 2594 eloquentia,
1581 2519 1659 2575 ut
1686 2532 1790 2574 me
1822 2493 2116 2593 quidem,
2148 2514 2464 2592 quantum

277 2627 392 2691 ego
416 2610 667 2676 Graece
701 2612 954 2695 scripta
982 2613 1351 2694 intelligere
1399 2632 1700 2695 possum,
1730 2630 2128 2695 magnopere
2158 2610 2464 2674 delectet

331 2824 368 2849 ¹¹⁸
407 2819 520 2867 Non
543 2821 618 2868 ita
635 2820 823 2883 pridem
842 2820 942 2870 lroec
962 2821 1191 2870 orationis
1211 2826 1483 2871 ornamenta
1502 2837 1533 2869 a
1559 2818 1747 2868 Groecis
1767 2818 2030 2867 didicimus.

334 2889 361 2912 '⁸
394 2883 672 2934 Historiam
693 2887 818 2933 velut
827 2885 1068 2944 jacentem
1085 2886 1213 2934 humi
1231 2886 1423 2945 extulit,
1448 2892 1495 2934 et
1526 2888 1736 2935 oratione
1756 2882 2006 2946 grandiori
2031 2880 2243 2943 scripsit.

331 2948 491 3005 ‘Qui
507 2952 695 3013 primus
714 2950 967 2999 historiam
982 2957 1147 3001 ornate
1166 2952 1374 3014 scripsit.

1189 3069 1548 3090 “Ouum“

269 3146 421 3199 etiam
445 3158 660 3202 ornetur.
663 3155 843 3201 —ll‘
871 3153 1074 3202 Nomen
1094 3154 1238 3216 vocis,
1255 3153 1407 3243 quod
1446 3154 1717 3217 glossatori
1752 3152 1934 3202 deberi
1974 3150 2197 3209 videtur,
2221 3150 2362 3201 uncis
2380 3151 2463 3234 in-¹

267 3214 411 3263 elusi.
482 3217 696 3266 Schutz.
723 3231 844 3266 vero
868 3219 1020 3279 plane
1041 3218 1274 3268 delevit?
1307 3220 1450 3268 Harl·

332 3279 470 3329 CAP.
497 3295 628 3330 xm.
696 3285 722 3330 1
760 3280 866 3331 Pro
888 3284 1107 3343 locorum,
1128 3285 1396 3333 Ernestins
1420 3283 1555 3347 conj.
1587 3298 1780 3340 rer-unu
1804 3282 2016 3334 Schutz.
2038 3295 2068 3328 e
2090 3280 2466 3331 Jacobsiicon·

260 3340 472 3404 jectura
497 3347 671 3394 edidit
690 3347 911 3400 colorum.
978 3349 1126 3401 Mox,
1149 3350 1241 3399 levi
1260 3355 1308 3398 et
1330 3349 1501 3412 oequali
1525 3350 1633 3397 Erl.
1658 3354 1706 3398 l.
1771 3348 1928 3408 Dein,
1947 3347 2068 3395 illud
2090 3361 2202 3409 opus
2218 3347 2468 3409 perpolivit

270 3407 449 3461 Lamh.
452 3416 557 3460 —2
595 3411 704 3462 Erl.
745 3416 794 3461 1.
841 3412 938 3462 nisi
970 3417 1024 3462 nt
1059 3415 1231 3464 causis.
1297 3414 1463 3462 Paulo
1509 3420 1648 3476 post,
1689 3414 1751 3461 ad
1791 3412 2039 3464 historiam
2081 3412 2371 3460 scribendum
2413 3412 2491 3490 in·

1266 3568 1480 3619 NOTAE

266 3659 479 3710 circiter
520 3675 703 3711 Lxxn.
737 3664 895 3711 annis.
916 3671 1038 3714 ante
1071 3665 1191 3714 Chr.
1215 3671 1331 3716 530³

263 3737 455 3788 vixisse
504 3738 965 3804 tradit-,Josephus
1004 3743 1038 3789 1.
1075 3755 1115 3790 1.
1150 3750 1332 3792 contra

263 3812 549 3876 Apionem.

271 3914 278 3920 ’
327 3889 678 3953 [Anapum]
714 3892 773 3940 L.
818 3891 1009 3941 Coelius
1050 3890 1330 3954 Antipater

259 3965 389 4015 belli
427 3966 624 4015 Punici
657 3968 922 4018 historiam
955 3967 1140 4028 edidit,
1162 3976 1222 4018 nt
1254 3971 1329 4019 ait

259 4042 466 4092 Tullius
493 4044 548 4092 in
584 4043 828 4103 Oratore,
860 4053 914 4093 et
943 4045 1007 4093 L.
1032 4045 1220 4108 Crassi,
1239 4047 1327 4111 qui

255 4120 417 4170 iuliis
444 4119 880 4183 dialogis.primas
898 4127 1063 4182 tenet,
1083 4121 1330 4185 magister

256 4192 381 4259 fuis,
402 4202 466 4248 ut
505 4194 843 4248 idemrefert
881 4195 936 4246 in
972 4197 1156 4262 Bruto,
1176 4212 1326 4264 quem

1411 3666 1625 3717 consule
1651 3664 1714 3713 ad
1737 3667 1766 3729 ς
1790 3667 1913 3713 102.-

1474 3752 1508 3776 '
1531 3739 1849 3802 Herodotum]
1866 3736 2162 3789 Herodotus
2176 3737 2345 3800 patria
2359 3737 2467 3786 Ην

1327 3839 1328 3844 ’
1408 3818 1862 3878 licarnasseus‚'ut
1902 3816 2011 3877 ipse
2048 3819 2291 3880 testatur,
2326 3813 2463 3861 -Thu-

1409 3894 1516 3943 riun
1551 3892 1743 3943 deinde
1776 3892 2085 3963 appellatus,
2117 3887 2270 3951 quod,
2303 3895 2359 3937 ut
2396 3883 2483 3938 ait'

1410 3970 1620 4031 Strabo,
1647 3969 1836 4017 socium
1861 3981 1915 4016 se
1930 3965 2245 4014 deducendae
2263 3965 2312 4011 in
2330 3965 2466 4014 Thu.

1410 4048 1512 4104 rios
1563 4047 1776 4096 colonia!
1821 4043 2146 4106 praebuisset.
2198 4039 2463 4091 ‘Historiae

1410 4131 1562 4187 pater
1596 4120 1769 4172 floruit
1802 4121 2016 4185 olymp.
2051 4130 2286 4169 mxxxiv.
2321 4121 2484 4197 minis⁴

1411 4209 1541 4268 ante
1562 4199 1683 4258 Chr.
1703 4201 1818 4248 444.
