3020 4942
2330 351 2465 420 893

294 535 421 581 rum
437 512 999 581 innumerabilium
1015 514 1174 598 jura
1191 519 1561 589 versentur,
1573 532 1727 578 cnm
1745 512 2033 592 omnino,
2053 511 2215 599 qnid
2240 532 2459 590 suum,

237 701 240 704 Ι
293 619 439 704 qnid
479 620 791 696 alienum,
842 635 1050 703 quare
1099 619 1386 702 denique
1428 617 1602 681 civis
1651 623 1766 681 aut
1795 620 2199 700 peregrinus,
2228 637 2461 683 servus

295 728 438 786 ant⁵
487 722 656 786 liber
701 723 1036 806 quispiam
1078 715 1192 800 sit,
1231 722 1513 804 ignoret,
1554 719 1836 803 insignis
1862 727 1964 785 est
2007 720 2463 805 impudentiae.

294 825 428 889 174.
468 824 595 890 Illa
627 832 823 890 veroy
854 824 1220 890 deridenda
1239 824 1621 906 arrogantia
1641 830 1773 902 est,
1791 824 1860 887 in
1886 822 2259 888 minoribus
2278 822 2463 887 navi-

294 927 411 1008 giis
434 928 652 992 rudem
676 935 827 992 esse
849 948 928 992 se
947 929 1282 1009 confiteri3
1306 929 1869 1010 quinqueremes,¹
1900 926 2241 992 autetiam
2262 924 2294 966 ⁶
2322 945 2463 990 maa

283 1030 466 1114 joreS,
493 1032 855 1115 gubernare
886 1031 1227 1097 didicisse.
1314 1031 1420 1095 Tu
1457 1029 1616 1094 mihi
1640 1050 1801 1112 „cum
1830 1031 1900 1094 in
1940 1028 2240 1095 circulo·
2284 1029 2461 1093 deci-

291 1136 459 1217 piare
513 1135 880 1200 adversarii
937 1127 1536 1219 stipulatiuncula,a
1593 1152 1744 1198 cum
1802 1134 2120 1217 obsignes
2178 1132 2466 1198 tabellas

292 1237 538 1302 clientis
569 1239 719 1316 tui)
764 1240 1010 1322 quibus
1041 1239 1110 1301 in
1137 1236 1404 1301 tabellis
1432 1236 1501 1301 id
1530 1236 1623 1301 sit
1663 1223 2012 1320 scriptum,
2043 1237 2179 1320 quo
2209 1233 2324 1299 ille
2352 1253 2467 1298 ca-

290 1340 490 1423 piatur
511 1361 532 1422 ;
555 1348 582 1390 ⁷
628 1355 755 1424 ego
798 1340 930 1406 tibi·
978 1340 1179 1405 nllam
1237 1355 1518 1403 causam
1563 1338 1878 1422 majorem
1928 1336 2468 1404 committendam

290 1444 545 1526 putem?
590 1445 794 1508 citius
824 1443 1093 1509 hercule
1127 1443 1213 1520 is,
1246 1443 1363 1526 qui
1394 1442 1677 1507 duorum
1706 1442 2116 1508 scalmorum
2140 1439 2168 1478 b
2192 1441 2466 1506 navicu·-⁴
2520 1439 2529 1446 ’

289 1544 411 1609 lam
452 1547 518 1609 in
556 1553 754 1630 portu
802 1546 1139 1621 everterit,
1172 1545 1242 1609 in
1271 1544 1544 1608 Euxino
1586 1551 1837 1628 ponto⁶
1880 1542 2414 1628 Argonautarum
2437 1539 2469 1579 ‘⁸

289 1666 503 1712 navem
531 1649 927 1732 gubernarit.
1000 1648 1152 1712 175.
1199 1644 1439 1725 Quid?
1472 1646 1537 1709 si
1563 1665 1648 1709 ne
1679 1665 1907 1730 parvae
1932 1646 2203 1731 quidem
2235 1664 2468 1711 causae

289 1760 448 1827 sunt,
477 1751 592 1838 sed
625 1772 812 1835 saepe
844 1753 1186 1827 maximae,
1234 1752 1300 1814 in
1336 1748 1583 1834 quibus
1612 1756 1900 1814 certatur
1930 1748 2015 1813 de
2046 1750 2202 1833 jure
2240 1748 2467 1822 civili;

290 1843 454 1934 qnod
487 1854 756 1919 tandem
783 1875 859 1920 os
882 1860 985 1921 est
1004 1865 1028 1893 ⁶
1071 1854 1257 1918 illius
1286 1850 1606 1936 patroni,⁸
1636 1851 1754 1937 qui
1780 1851 1867 1917 ad
1898 1872 2019 1944 eas
2050 1871 2291 1919 causas
2321 1851 2474 1924 sine

881 363 884 368 ’
981 371 1079 420 na
1128 363 1605 431 onnoan‚.-t.
1647 352 1758 424 38.

345 2026 368 2049 ⁸
397 2021 455 2068 In
472 2015 630 2084 aliquo
650 2021 891 2071 leontinum
911 2036 1145 2071 consessu.

306 2081 312 2088 ,
1372 2017 1395 2052 ⁶
1426 1997 1549 2080 Eius
1567 2033 1702 2084 quem
1722 2019 1957 2079 defendis.

307 2151 310 2154 ‚
343 2090 363 2115 ⁶
394 2086 543 2141 Quom
566 2086 780 2150 insignis
802 2092 871 2138 est
893 2087 1205 2151 impudentia.

1190 2195 1559 2219 eooeoueeoeo

247 2285 264 2340 ᾗ
286 2281 428 2327 turum
439 2295 460 2339 ,·
483 2295 577 2343 pro
596 2286 683 2331 aut
702 2280 874 2331 Oxon.
891 2282 960 2344 U,
981 2288 1027 2332 et
1038 2299 1059 2342 ,·
1083 2298 1176 2348 pro
1198 2284 1410 2332 reiorum
1432 2281 1605 2332 Oxou.
1627 2283 1676 2332 U
1699 2273 1743 2332 Z
1764 2300 1806 2345 e,
1828 2248 2179 2346 ruptorum—5
2207 2281 2316 2332 Eri.
2337 2281 2383 2330 1.
2408 2271 2471 2330 e't'

290 2345 448 2408 vulg'g.
473 2355 594 2395 ante
620 2348 800 2403 Lamb.
831 2363 894 2396 au
909 2363 959 2411 p.
982 2364 1023 2397 s.
1042 2363 1139 2406 an,-
1172 2347 1323 2399 Norf.
1350 2349 1501 2398 Harl.
1518 2354 1569 2398 2.
1591 2349 1734 2410 Mag.
1761 2349 1950 2398 Pearc.
1971 2358 2026 2397 et
2051 2356 2278 2399 receutt·
2303 2352 2387 2396 aut
2417 2362 2470 2410 ρ.

287 2421 325 2456 s.
344 2416 437 2458 aut.
502 2412 629 2460 Mox
654 2426 749 2477 pro
774 2414 945 2477 vnlgg.
982 2413 1334 2479 imprudentioe,
1354 2412 1492 2477 quod
1517 2415 1568 2462 in
1593 2414 1740 2470 Man.
1771 2422 1823 2461 et
1854 2414 2029 2463 Lamb.
2052 2421 2218 2471 extat,
2241 2412 2392 2463 Cant.
2414 2420 2475 2463 et
2565 2459 2571 2464 .

290 2488 449 2524 omnes
471 2477 647 2528 Oxou.
670 2478 862 2528 liabent
883 2480 1299 2544 impudentioe.-·-6
1325 2481 1527 2529 Victor.
1549 2488 1605 2528 et
1629 2479 1808 2529 Lamb.
1832 2480 2180 2543 quinqueremes
2199 2484 2373 2541 autem,
2387 2478 2474 2527 aut

288 2542 453 2599 etiarm·
482 2544 635 2592 Mun.
656 2545 818 2607 quinq.
838 2550 995 2594 autem
1016 2552 1155 2608 utque
1174 2545 1335 2593 etiam.
1393 2546 1501 2593 Erl.
1522 2547 1567 2592 l.
1591 2543 1769 2603 habet,
1787 2547 1954 2593 rudem
1975 2559 2074 2593 esse
2096 2550 2141 2593 et
2165 2560 2213 2594 se
2234 2543 2469 2606 confiteri,

288 2619 332 2666 q.
351 2613 428 2654 aue
448 2611 593 2657 etiam
615 2625 681 2657 m.
702 2624 756 2669 g.
775 2612 823 2657 d.
848 2614 906 2658 ts.
921 2609 1072 2666 milam
1097 2624 1227 2659 untts
1250 2625 1335 2674 ap.
1353 2609 1520 2659 Orell.
1539 2608 1736 2669 παιήονα
1757 2614 2009 2660 navem—7
2034 2609 2144 2658 Erl.
2168 2614 2214 2658 1.
2235 2609 2471 2670 rapiatur.

287 2674 375 2718 —8
407 2672 513 2724 Erl.
546 2674 648 2735 ejus
678 2676 889 2738 patroni.
955 2674 1100 2737 Mox,
1133 2676 1342 2725 Ernest.
1381 2683 1436 2724 et
1477 2675 1628 2724 Harl.
1652 2673 1853 2736 malint,
1881 2675 1995 2737 qui.
2014 2708 2027 2723 .
2046 2672 2200 2735 duris
2219 2673 2476 2749 undena—*¹
2576 2726 2595 2733 Ἤ

1262 2796 1483 2847 NOTAE

284 2880 347 2929 sis
378 2892 432 2933 et
457 2886 586 2935 'ratis
617 2888 947 2937 'testamentis
984 2885 1137 2937 affert
1161 2899 1333 2937 exem·
1419 2894 1503 2936 tur
1526 2893 1580 2936 et
1600 2887 1741 2937 circa
1763 2885 1898 2949 quod
1919 2892 2210 2934 vertuntur.
2229 2883 2374 2934 Ὅθεν
2389 2878 2478 2944 μὲν

287 2957 368 3019 pla
388 2960 506 3014 Val.
532 2964 677 3012 Max.
696 2977 799 3014 vn.
818 2969 867 3014 7.
885 2972 940 3014 et
961 2969 1028 3014 8.ι
1415 2963 1467 3012 αἱ
1503 2962 1654 3012 κῶπαι
1696 2959 1978 3017 ἐκδέδενται,
2021 2956 2257 3022 ananum,
2306 2960 2476 3023 inquit

339 3036 364 3076 Ὺ
393 3036 485 3088 Illa
515 3041 649 3104 vero]
688 3041 1135 3093 Quemadmodum
1172 3049 1333 3104 turpe

287 3119 363 3160 est
374 3129 432 3163 ac
450 3129 552 3166 non
571 3116 865 3180 ferendum,
883 3120 926 3167 si
946 3119 1059 3182 quis
1080 3106 1335 3180 glorietur

286 3199 337 3236 se
373 3205 516 3252 posse
552 3193 840 3256 gnbernare
872 3194 1122 3242 maximas
1158 3208 1333 3249 naves,

288 3266 368 3324 qni
391 3266 618 3318 fateatur
642 3284 801 3332 parva
829 3271 1035 3333 navigia
1058 3285 1157 3319 non
1185 3283 1334 3333 posse

285 3337 519 3405 flectam
545 3348 629 3396 sic
648 3355 799 3410 turpe
813 3348 956 3396 estin
973 3347 1195 3397 minimis
1213 3362 1332 3397 cau·

284 3420 349 3466 sis
373 3423 659 3472 tractandis
699 3423 992 3486 imperitum
1018 3438 1134 3472 esse
1170 3424 1335 3487 illum,

286 3498 366 3557 qni
420 3506 590 3548 tamen
633 3501 955 3563 gravissimas
1001 3508 1058 3549 et
1102 3501 1335 3564 publicas

287 3575 537 3639 suscipere
560 3592 661 3626 non
688 3577 908 3627 dubitet.

342 3659 362 3684 ²
396 3653 782 3718 Quinqueremes]
816 3655 991 3706 Nares
1031 3662 1151 3705 sunt
1189 3656 1333 3720 qnin-

239 3786 256 3793 -
283 3726 379 3787 que
402 3742 656 3778 remorum
680 3729 943 3780 ordinibus
966 3730 1253 3781 instructae.
1327 3746 1330 3749 ·

343 3809 367 3836 ⁸
415 3804 853 3869 Stipulutiunculu]
921 3798 1189 3868 obligatio
1256 3812 1337 3856 est

198 3888 206 3895 ·
281 3889 429 3938 ‘quam
448 3880 633 3944 aliquis
651 3882 702 3930 in
726 3896 782 3930 se
807 3882 1013 3945 recipit,
1037 3894 1152 3931 cum
1178 3883 1337 3931 certis

281 3954 447 4004 'verbis
467 3957 814 4021 interrogatus
830 3958 1113 4021 respondet
1132 3975 1147 4008 ι
1167 3959 1342 4022 spon-¹

286 4026 416 4153 ges?
450 4035 705 4097 spondeo.
774 4035 1058 4100 Fidejnbes
1089 4036 1109 4085 ?
1145 4035 1331 4100 fideju-

320 4120 396 4155 eo.
488 4133 492 4138 ·

343 4181 367 4215 ¹³
401 4185 616 4236 Duorum
649 4189 949 4253 scalmorum]
984 4182 1217 4240 Scalmus
1247 4190 1337 4238 ‘est

288 4257 471 4322 lignum
512 4272 671 4329 teres,
706 4264 770 4315 ad
806 4267 939 4331 qnod
965 4267 1091 4317 remi
1126 4267 1336 4332 alligan-
1431 4274 1436 4281 '

1414 3040 1603 3090 Pollux
1626 3048 1665 3089 t.
1684 3042 1733 3089 9.
1804 3039 1865 3088 Id
1890 3041 2014 3089 uude
2040 3041 2160 3090 remi
2193 3038 2477 3109 alligantur.

1410 3121 1613 3168 scalmus
1632 3122 1720 3167 est.
1786 3117 2042 3168 Navicula
2076 3118 2234 3181 igitur
2257 3116 2475 3165 duorum

1414 3195 1720 3244 scalmorum
1747 3201 1828 3242 est
1849 3208 1914 3244 ea
1946 3208 2062 3260 quae
2085 3188 2298 3244 'duobus
2320 3193 2475 3243 remis

1414 3269 1597 3322 utit‘ttr.
1832 3336 1835 3341 ἱ
2126 3282 2131 3287 ’

1481 3358 1504 3384 0
1538 3351 1728 3400 Euxiuo
1767 3348 1933 3413 ponto]
1984 3348 2134 3399 Mare
2174 3348 2297 3398 illud
2335 3342 2475 3412 qnod

1415 3439 1446 3474 a
1484 3425 1719 3488 Bosporo
1751 3426 1970 3483 Thracio
2006 3426 2258 3475 orientem
2297 3437 2476 3474 versus

1416 3504 1472 3548 e't
1494 3499 1916 3564 septemtrionem
1941 3500 2240 3563 porrigitur.
2298 3499 2478 3549 Primo

1418 3574 1631 3626 Axenus
1687 3583 1897 3640 pontus,
1950 3577 2096 3640 qnasi
2134 3575 2476 3639 inhospitalis,

1418 3662 1636 3719 propter
1672 3653 1945 3701 immanem
1980 3666 2159 3702 eornm
2191 3652 2278 3717 qui
2303 3652 2478 3700 littora

1415 3729 1747 3793 occupabant
1801 3726 2086 3788 feritatem,
2140 3728 2310 3778 dictus
2353 3733 2477 3788 est;

1415 3817 1600 3870 postea
1620 3806 1801 3855 iisdem
1825 3805 2128 3855 Graecornm
2165 3805 2482 3857 commercio·

1414 3881 1780 3934 mansuefactis
1802 3889 1988 3947 pontus
2025 3882 2277 3944 Euxinus,
2299 3881 2349 3931 id
2373 3889 2478 3941 est,

1411 3961 1704 4024 hospitalis,
1728 3958 1977 4023 appellari
2007 3958 2200 4023 coepitt
2238 3972 2374 4009 nunc
2395 3957 2472 4008 La

1413 4038 1528 4086 Mer
1552 4037 1719 4086 Noire.

1477 4110 1502 4146 ἃ
1534 4112 1948 4179 Argonautarum]
1994 4112 2078 4163 De
2112 4111 2296 4180 quibus
2332 4113 2368 4162 l.
2407 4125 2472 4162 11.

1417 4189 1483 4240 ad
1502 4189 1785 4257 Herenn.§
1810 4191 1890 4240 34.
