3020 4942
457 361 614 427 ’934
1255 375 1331 425 Μ.
1378 374 1444 422 τ.
1489 373 1899 422 οιοΕιῑοΝιε
1992 371 1996 379 ·

483 542 656 607 quas
697 529 768 587 tu
819 521 1126 587 omuibus
1172 518 1604 585 bibliothecis
1637 518 2015 603 anteponis,
2056 517 2272 581 sedin
2301 516 2661 598 magistri¹¹

484 625 773 691 carmine
804 626 1119 708 scriptum
1154 623 1529 687 videretur!

573 744 791 790 nvtu.
832 726 985 790 246.
1033 725 1212 790 Nam
1244 725 1422 810 quod
1464 725 1770 789 inertiam
1801 742 2091 789 accusas
2123 721 2669 798 adolescentium,

481 831 602 915 qui
646 831 839 895 istam
885 837 1117 906 artem,
1162 830 1447 912 primum
1491 828 1903 905 facillimam,
1948 846 2078 891 nou
2106 826 2411 890 ediscant
2425 832 2469 905 3¹
2519 843 2668 907 quae

484 931 687 1016 quam
707 934 796 997 sit
823 932 1072 1009 facilis,
1092 931 1195 996 illi
1219 933 1524 1012 viderint,
1546 935 1664 1018 qui
1691 934 1841 1018 ejus
1866 931 2026 998 artis
2045 930 2456 1012 arrogantia,
2474 930 2674 1012 quasi

481 1034 871 1099 difficillima
899 1036 1010 1111 sit,
1042 1035 1140 1098 ita
1170 1036 1439 1099 subnixi
1459 1038 1488 1073 ⁴¹
1531 1036 1891 1114 ambulant,
1918 1034 2157 1100 deinde
2188 1033 2390 1097 etiam
2420 1036 2493 1095 tu
2523 1033 2671 1114 ipse

486 1138 752 1216 videris,
799 1139 916 1223 qui
964 1153 1113 1202 eam
1154 1145 1355 1202 artem
1402 1139 1664 1203 facilem
1706 1155 1853 1203 esse
1877 1139 2087 1213 dicis,
2119 1154 2321 1221 quam
2354 1135 2671 1199 concedis

482 1228 702 1307 adhuc
726 1247 934 1306 artem
957 1241 1225 1305 omuino
1252 1259 1386 1304 non
1416 1260 1590 1321 esse,
1622 1243 1743 1307 sed
1775 1241 2165 1326 aliquande,
2198 1241 2257 1304 si
2290 1240 2446 1325 quis
2468 1239 2673 1303 aliam

482 1349 735 1409 artem‘
778 1342 1106 1420 didicerit,
1134 1350 1229 1420 *ut
1264 1341 1435 1407 hanc
1484 1355 1689 1410 artem
1742 1341 2001 1410 efficere
2045 1345 2287 1428 possit,
2336 1351 2481 1406 tum
2526 1358 2670 1405 esse

479 1447 668 1511 illam
698 1453 907 1510 artem
937 1446 1263 1510 futuram:
1310 1445 1581 1526 deinde,
1630 1448 1807 1532 quod
1844 1449 1981 1512 sit*
2024 1447 2226 1530 plena
2275 1445 2671 1509 delectatio-

480 1550 623 1630 nis;
657 1550 726 1614 in
758 1565 898 1634 qua
929 1549 1052 1614 tibi
1082 1549 1419 1613 remittunt
1451 1565 1683 1614 omnes
1710 1550 1909 1614 istam
1933 1549 2361 1632 voluptatem,
2390 1555 2462 1610 et
2490 1562 2576 1611 ea
2603 1565 2672 1609 se

479 1668 709 1716 carere
741 1653 1122 1736 patiuntur;
1165 1667 1287 1740 uec
1321 1653 1680 1736 quisquam
1711 1658 1814 1717 est
1846 1667 2097 1729 eorum,
2128 1652 2268 1735 qui,
2311 1649 2372 1714 si
2411 1649 2563 1733 jam
2594 1647 2674 1713 sit

480 1755 911 1820 ediscendum
972 1756 1107 1821 sibi
1166 1755 1443 1838 aliquid,
1504 1773 1641 1819 non
1694 1755 2028 1820 Teucrum
2088 1748 2412 1819 Pacuvii¹
2462 1754 2672 1830 malit,

479 1873 681 1940 quam
715 1857 1128 1921 Manilianas
1148 1865 1169 1905 ³
1192 1865 1235 1893 ¹¹¹
1266 1858 1600 1921 venalium
1620 1857 2111 1923 vendendorum
2134 1857 2315 1938 leges
2344 1856 2671 1919 ediscere.

479 1962 634 2024 247.
676 1959 850 2023 Tum
883 1965 1105 2034 autem
1128 1961 1309 2043 quod
1345 1980 1573 2024 amore
1607 1960 1846 2044 patrias
1877 1946 2110 2023 censes
2140 1966 2669 2036 nos-nostrorum

481 2053 810 2147 majorum
838 2058 1106 2126 inventa
1136 2083 1338 2127 nosse
1371 2063 1612 2126 debere
1636 2083 1654 2143 ;
1681 2082 1809 2126 non
1838 2058 2048 2139 vides,
2071 2063 2332 2125 veteres
2352 2060 2540 2142 leges
2565 2069 2676 2128 aut

478 2168 685 2249 ipsa⁴
755 2185 880 2229 sua
936 2172 1266 2231 vetustate
1316 2166 1770 2244 consenuisse,
1829 2172 1944 2230 aut
1989 2167 2178 2230 novis
2221 2164 2486 2248 legibus
2531 2184 2676 2230 esse

482 2267 838 2335 sublatas?
930 2263 1136 2347 Quod
1172 2289 1330 2334 vero
1361 2269 1549 2334 viros
1592 2268 1807 2334 bonos
1847 2267 2001 2353 jure
2041 2259 2231 2334 civili
2268 2265 2416 2333 fieri
2451 2277 2652 2353 putas

480 2371 644 2457 quia
672 2373 926 2455 legibus
954 2378 1020 2436 et
1051 2374 1324 2455 praemia
1348 2371 1703 2455 proposita
1731 2371 1865 2436 sint
1910 2371 2275 2437 virtutibus
2319 2377 2389 2435 et
2420 2372 2675 2455 suppli·

483 2476 589 2541 cia
614 2476 840 2553 vitiis:
879 2475 1186 2560 equidem
1216 2476 1560 2561 putabam,
1604 2475 1912 2540 virtutem
1952 2474 2331 2541 hominibus
2353 2473 2446 2561 (si
2475 2477 2673 2541 modo

548 2675 569 2701 e
601 2662 838 2717 tauma
858 2667 1004 2717 enam
1040 2679 1174 2716 me.
1200 2667 1316 2717 tuan
1338 2666 1470 2717 xn.
1503 2665 1788 2728 namtarum,
1812 2665 1903 2715 Ua·
1941 2666 2110 2728 ung-m
2143 2671 2478 2728 ammei.
2511 2644 2679 2729 mque

389 2782 390 2787 ,
480 2732 689 2782 dixisses
704 2733 970 2782 simillimas
991 2746 1092 2782 esse
1109 2734 1285 2794 magici
1304 2733 1552 2793 carminis,
1580 2733 1702 2794 quod
1710 2729 1871 2792 ferme
1901 2733 1967 2781 ad
1999 2736 2227 2782 terrorest·
2255 2731 2578 2781 inmundum
2597 2733 2679 2780 Ιιο·

479 2797 687 2846 minibss
706 2799 933 2862 scriptum
955 2804 1046 2857 est,
1070 2812 1162 2846 m
1181 2800 1245 2846 ad
1264 2797 1337 2847 rei
1357 2797 1626 2846 veritatem.
2047 2851 2054 2859 ⁸

547 2861 574 2895 ‘¹
605 2863 743 2913 Elati
757 2869 806 2913 et
826 2867 1108 2924 arrogantes
1130 2862 1265 2925 quasi
1282 2877 1382 2913 rem
1404 2861 1734 2928 difficillimam
1754 2865 1986 2912 tenerent.
2223 2868 2245 2895 θ
2276 2861 2612 2912 Dialecticam.

1396 3005 1760 3026 ΟΟΟΟΟΟΟΟΟ

481 3098 631 3151 Junt.
656 3096 801 3145 Crat.
819 3096 1022 3145 Victor.
1043 3096 1344 3158 nuncupauit
1367 3096 1560 3147 dedere
1585 3097 1762 3148 Streb.
1785 3097 1938 3148 Harl.
1954 3102 2009 3147 et
2029 3094 2321 3147 otene-11
2363 3103 2379 3124 ‘
2394 3096 2680 3157 Strebaeus‚

482 3176 634 3224 quem
657 3161 915 3218 consules,
938 3161 987 3208 in
1011 3169 1280 3223 contextu,
1303 3162 1378 3211 uti
1404 3162 1520 3211 cod.
1545 3178 1630 3224 ap.
1655 3160 1913 3224 Verburg.
1935 3160 2118 3224 magico
2140 3160 2318 3223 dedit3
2357 3159 2409 3209 in
2441 3177 2534 3211 ora
2558 3177 2678 3213 vero

482 3227 730 3288 scriptum
755 3233 859 3285 est,
881 3229 897 3254 ⁶
917 3226 1005 3274 alii
1027 3223 1286 3288 magistri,’
1311 3226 1444 3288 qttod
1472 3228 1641 3276 verius
1664 3227 1779 3277 est-⁹
1813 3222 1962 3276 Harl.
2026 3224 2210 3288 ’tragico
2232 3227 2377 3277 Crat.
2404 3227 2601 3276 Victor.

479 3306 482 3309 ¹
549 3291 684 3340 Cu».
725 3300 884 3339 tvm.
954 3295 978 3340 1
1019 3291 1147 3340 Nam
1187 3292 1393 3354 primum
1428 3295 1554 3355 qaod
1586 3294 1623 3341 i.
1654 3306 1703 3341 a.
1740 3307 1789 3342 a.
1820 3306 1866 3355 q.
1900 3292 1934 3340 i.
1969 3297 2137 3352 artem,
2163 3291 2453 3350 simillimam
2494 3291 2679 3344 Lamb.

482 3355 631 3418 Mox,
652 3369 782 3404 uuus
806 3355 971 3405 codex
998 3356 1133 3420 apud
1160 3356 1322 3408 Orell.
1345 3357 1583 3421 ediscant,
1606 3358 1640 3405 i.
1661 3372 1713 3406 e.
1731 3357 1998 3416 addiscant,
2020 3356 2157 3421 qnod
2182 3357 2254 3405 illi
2277 3357 2551 3406 admodum
2573 3361 2680 3420 pla-

481 3429 585 3470 cet.
653 3421 757 3469 Pro
779 3436 902 3485 φατε,
924 3421 1062 3484 quod
1089 3422 1282 3471 omittit
1307 3423 1484 3471 Lamb.
1542 3424 1643 3471 lias
1662 3422 1856 3471 habent
1879 3424 2023 3470 Crat·
2039 3421 2241 3471 Victor.
2263 3422 2473 3471 Manut-
2540 3426 2680 3473 Dein

475 3487 685 3549 primum
720 3488 797 3535 illi
832 3488 1107 3537 Lamia—2
1143 3488 1354 3537 Schutz.
1376 3503 1403 3535 e
1428 3488 1566 3551 conj.
1592 3488 1799 3537 Ernesti
1823 3502 1929 3550 quar
1960 3488 2043 3535 sit.
2106 3487 2256 3543 Mox,
2275 3488 2327 3547 in
2355 3503 2445 3552 quo
2467 3490 2683 3540 Selium.

481 3560 536 3600 et
562 3551 727 3601 Orell.
787 3554 840 3601 in
872 3568 982 3615 qua,
1001 3553 1136 3615 quod
1174 3552 1366 3601 habent
1386 3553 1928 3604 Junt.Manut.Grut.
1950 3551 2144 3601 omittit
2171 3552 2350 3602 Lamb.
2408 3555 2530 3616 quod
2561 3555 2685 3608 dicis

476 3616 665 3679 plenam
688 3618 1032 3679 delectationis,
1053 3618 1106 3666 in
1137 3634 1190 3666 eo
1226 3618 1413 3681 quidem
1437 3620 1574 3679 conj.
1594 3616 1832 3669 ,lant—3
1867 3614 2194 3666 Mamillianas
2217 3616 2323 3666 Erl.
2345 3622 2393 3668 1.
2418 3628 2471 3667 et
2495 3619 2578 3668 ed.
2604 3636 2685 3684 pr.

475 3680 761 3733 ‘Manlianus
794 3682 945 3733 Junt.
985 3683 1128 3732 Crat.
1166 3682 1366 3732 Victor.
1408 3683 1683 3735 Larum-*4
1718 3680 1800 3731 lta
1838 3680 1993 3731 codd.
2033 3679 2186 3733 Not-f.
2225 3682 2358 3732 Nov.
2381 3682 2524 3746 Mag.
2549 3683 2684 3734 Bod.

479 3747 809 3809 Cant.Wag.
846 3747 1022 3796 Mead.
1061 3748 1211 3797 Harl.
1235 3752 1284 3797 2.
1328 3748 1444 3796 Bal.
1478 3748 1586 3797 Erl.
1614 3752 1659 3796 1.
1698 3762 1813 3797 cum
1855 3747 1972 3795 edd.
1995 3747 2188 3798 venet.
2224 3755 2281 3796 et
2316 3749 2684 3811 Mediompsns

479 3812 667 3863 habent
690 3813 837 3864 Jnut.
860 3813 1033 3863 stret).
1057 3811 1216 3862 Verb.
1242 3813 1398 3862 Grut-
1419 3813 1562 3863 Crat.
1620 3814 1724 3878 ipsa
1761 3818 1995 3862 vetustate
2029 3813 2241 3864 Schutz.
2303 3813 2464 3876 prisca
2483 3825 2568 3863 sita
2601 3830 2685 3864 ve·

1472 3952 1692 4003 NOTAE

479 4040 555 4089 uti
575 4040 751 4101 lingua
765 4037 1099 4089 vendentium
1118 4047 1174 4089 et
1190 4039 1540 4088 contrahenti·
1622 4057 1727 4106 quo
1750 4041 1970 4090 diximus
1992 4041 2043 4089 in
2065 4042 2204 4091 notis
2222 4040 2288 4090 ad
2308 4041 2348 4089 l.
2363 4053 2425 4091 ιι.
2444 4039 2704 4091 Heroon-0

477 4132 563 4168 um
582 4120 979 4182 nuncupaverit,
1002 4133 1093 4167 seu
1113 4120 1545 4180 pronuntiaverit.
1592 4130 1595 4135 ·
1623 4120 1652 4183 §
1674 4121 1756 4167 ³6.

547 4195 561 4229 ¹
593 4196 821 4245 Teucrum
841 4194 1070 4258 Pacuvii]
1112 4194 1314 4245 Teucer
1333 4204 1542 4260 tregru.
1687 4202 1724 4227 ¹¹¹
1757 4192 2076 4257 Manilianas]
2123 4192 2356 4256 Scriptus
2392 4206 2424 4242 ι
2461 4193 2685 4245 Manilio

478 4270 566 4322 dia
594 4270 699 4323 fuit
721 4270 919 4336 scripta
949 4285 983 4322 a
1017 4272 1248 4324 Pacuvio
1271 4271 1446 4338 poeta,
1467 4275 1535 4324 de
1620 4271 1781 4336 Jcto‚
1803 4270 1871 4322 de
1894 4284 1997 4337 quo
2017 4270 2217 4320 Tullius
2236 4270 2290 4320 in
2305 4270 2484 4321 Bruto.
