3020 4942
497 337 643 410 688,
1271 349 1348 399 Μ.
1390 351 1461 398 11⁸.
1494 348 1910 399 -crcnnoms

499 485 1023 564 misericordiam
1060 501 1361 579 captans.
1450 493 1536 559 In
1567 494 2008 577 hac-primum
2040 493 2336 558 animum*
2354 493 2697 561 auditoris

498 602 730 666 mitem
791 609 865 664 et
922 577 1413 664 misericordem
1465 597 1789 662 conficere
1842 601 2188 680 oportet,¹0
2243 615 2378 679 quo
2425 598 2689 663 facilius

503 703 983 787 conquestione
1013 701 1416 766 commoveri
1464 701 1705 783 possit.
1795 699 1876 763 Id
1909 700 2072 764 locis
2108 701 2571 790 communibus
2603 700 2693 764 ef-

503 807 701 871 ficere
744 805 1100 889 oportebit,
1153 824 1272 888 per
1313 823 1486 887 quos
1526 803 1807 868 fortunae
1839 804 2045 892 vis'in
2078 821 2334 877 omneS,
2380 808 2446 866 et
2485 802 2694 868 homi-

505 929 664 974 num
708 908 1082 984 infirmium,
1136 906 1548 971 ostenditurz
1597 924 1729 989 qua
1774 905 2076 970 oratione
2126 902 2361 969 habita
2415 906 2699 986 graviter

505 1019 571 1075 et
602 1010 1030 1088 sententiose,
1052 1010 1342 1073 maxime
1379 1008 1786 1072 demittitur·
1814 1008 2074 1072 animus
2104 1008 2467 1082 hominum,
2507 1015 2577 1072 et
2610 1007 2699 1071 ad

506 1112 1031 1176 misericordiam
1062 1118 1527 1193 comparatur3
1575 1129 1723 1172 cum
1773 1110 1841 1173 in
1890 1110 2106 1173 alieno
2143 1110 2319 1180 malo
2363 1128 2558 1173 suam
2602 1110 2700 1172 in-

508 1212 887 1278 firmitatem
938 1213 1411 1278 considerabit.
1500 1212 1651 1277 107.
1701 1211 1964 1277 Deinde
2011 1213 2267 1295 primus
2314 1212 2551 1276 locus¹²
2595 1219 2703 1275 est

508 1315 1012 1390 misericordiae,
1048 1335 1166 1397 per
1206 1323 1477 1398 quem,¹{
1534 1317 1775 1400 quibus
1805 1316 1874 1378 in
1906 1315 2102 1404 bonis
2129 1315 2392 1392 fuerint,
2428 1321 2500 1378 et
2529 1333 2704 1378 nunc

510 1420 758 1502 quibus
794 1425 844 1455 ¹²
889 1420 959 1482 in
1005 1418 1205 1483 malis
1257 1418 1417 1496 sint,
1467 1418 1862 1483 ostenditur.
1953 1418 2432 1495 SecunduS,¹³⁰
2476 1419 2591 1501 qui
2636 1418 2706 1480 in

574 1590 594 1615 θ
632 1582 876 1632 Flectitur.

1431 1677 1790 1700 OOOUO‘OOOOOO

514 1786 614 1833 sel.
654 1785 802 1834 uncis
840 1785 1200 1837 inclusit.-—-10
1231 1804 1262 1837 rr
1293 1786 1473 1842 mitem,
1506 1788 1614 1836 mis.
1647 1787 1834 1836 omissa
1873 1787 2080 1849 copula.
2142 1785 2207 1835 In
2230 1791 2335 1836 02.
2360 1758 2539 1851 efficere
2570 1801 2712 1850 op.—

517 1854 573 1900 ll
614 1850 744 1900 Post
763 1865 913 1915 quem,
934 1853 1143 1903 Schutz.
1165 1868 1196 1903 e
1220 1853 1358 1916 conj.
1387 1853 1588 1903 addidit
1614 1853 1835 1903 nie—12
1868 1869 1921 1916 ur,
1939 1853 2060 1903 Sch.
2083 1860 2140 1901 et
2161 1852 2248 1900 ed.
2275 1852 2489 1902 Omnib.
2511 1856 2559 1901 et
2589 1868 2712 1902 nunc

1430 2012 1435 2016 ·
1502 2001 1724 2078 Nom:

517 2094 673 2143 alieni
697 2101 834 2152 sunt,
856 2102 914 2145 ut
938 2103 1085 2147 notat
1108 2097 1291 2147 ibidem
1317 2097 1577 2149 Aristote-

1661 2098 1926 2149 clarissimi
1947 2097 2041 2146 viri
2066 2097 2298 2161 parentis
2320 2096 2397 2146 sui
2422 2111 2570 2161 quam
2592 2108 2715 2159 pau-

512 2173 607 2228 les,
628 2181 682 2220 et
701 2172 906 2221 omnino
929 2171 1182 2231 infelices,
1200 2180 1255 2223 et
1274 2175 1481 2223 omnino
1505 2173 1579 2223 fe-

1661 2175 1734 2224 cis
1756 2184 1880 2224 ante
1903 2173 2085 2224 diebus
2108 2174 2391 2222 laureatam
2414 2173 2466 2220 in
2489 2187 2584 2221 sua
2605 2186 2720 2235 gra·

518 2249 661 2296 lices.
729 2247 967 2296 Misereri
992 2249 1158 2298 solent
1177 2250 1264 2314 qui
1288 2251 1421 2300 mala
1445 2251 1581 2313 passi

518 2331 658 2377 sunt,
682 2330 735 2371 et
758 2339 822 2371 ex
848 2324 906 2371 iis
929 2338 1175 2387 evasere3
1207 2341 1376 2388 senes,
1410 2342 1579 2376 rernm

521 2399 699 2461 periti.
723 2406 777 2447 et
811 2399 898 2462 qui
935 2415 1258 2450 numerosam
1296 2403 1485 2451 habent
1507 2398 1583 2451 fa·

519 2477 730 2525 miliam.
794 2478 992 2527 Eorum
1015 2479 1326 2529 miserentur
1352 2480 1438 2544 qui
1461 2488 1585 2529 sunt

521 2552 714 2602 similes
738 2555 984 2611 moribus,
1006 2563 1181 2613 aetate,
1201 2556 1472 2620 dignitate,
1494 2557 1586 2622 qui

525 2628 806 2691 propinqui
830 2638 884 2678 et
904 2628 1206 2694 familiares,
1229 2635 1317 2697 qui
1343 2635 1585 2698 graviora

524 2705 725 2755 meritis
747 2706 1030 2769 patiuntur,
1047 2715 1102 2758 et
1115 2711 1204 2772 qui
1225 2711 1347 2759 talia
1360 2725 1414 2758 se
1431 2710 1585 2759 meri-

529 2787 608 2829 tos
631 2795 743 2830 esse
772 2782 1101 2848 profitentur,
1123 2793 1176 2835 et
1198 2787 1285 2850 qui
1313 2787 1585 2851 patiuntur

522 2871 552 2906 a
570 2857 754 2921 quibus
779 2873 878 2908 non
902 2862 1199 2922 oportebat.
1258 2864 1502 2929 Denique
1526 2872 1587 2913 ut

523 2935 759 2997 lugemus
798 2951 861 2984 ea
902 2937 1123 2986 maxime
1167 2936 1432 3003 flebiliter,
1471 2955 1587 3004 qnae

525 3011 675 3060 nobis
706 3012 877 3081 aliqua
899 3021 1078 3063 nostra
1100 3013 1329 3078 quidem,
1353 3015 1444 3064 sed
1484 3018 1587 3064 levi

526 3088 684 3151 culpa
728 3088 1082 3151 contigerunt,
1127 3091 1204 3139 ita
1247 3091 1309 3140 iis
1358 3088 1588 3142 ‘maxime

527 3164 878 3221 condolemus,
900 3166 985 3228 qui
1011 3166 1108 3214 sibi
1132 3181 1198 3216 ex
1223 3182 1396 3218 errore
1421 3171 1591 3234 aliquo

526 3242 874 3290 calamitatem
914 3244 1318 3296 accersiverunt.
1401 3246 1593 3311 Itaque

527 3332 631 3367 non
655 3331 920 3369 movemur
940 3320 1004 3368 ad
1027 3320 1485 3385 miserationemiis
1507 3339 1593 3373 ca·

526 3398 668 3446 sibus
701 3399 787 3461 qui
829 3399 963 3448 viros
1002 3400 1246 3459 illustres,
1267 3417 1457 3467 eosque
1482 3405 1588 3467 pla·

442 3496 446 3503 ·
527 3488 595 3522 ne
623 3474 950 3524 immerentes
981 3478 1316 3542 opprimunt:
1351 3480 1591 3529 similiter

528 3564 643 3615 «μω
669 3550 819 3612 plena
853 3559 972 3600 sunt
1008 3554 1300 3603 atrocitatis
1325 3561 1590 3620 stuporem

529 3626 700 3688 potius
724 3641 876 3689 quam
902 3627 1133 3678 dolorem
1156 3628 1399 3682 afferunt.

532 3696 539 3707 '
598 3709 623 3735 ¹¹
653 3700 850 3751 Primus
876 3703 1023 3766 locus]
1058 3706 1367 3756 Excitandae
1393 3707 1592 3757 miseri·

531 3778 723 3829 cordia
756 3781 895 3829 locos
928 3782 1235 3845 insigniores
1273 3789 1471 3832 tantum
1503 3799 1592 3832 ex-

531 3854 717 3920 emplis
751 3857 1142 3907 illustrabimus.
1208 3859 1276 3908 Et
1304 3858 1454 3921 hujus
1486 3860 1595 3922 qui-

533 3932 648 3981 dem
698 3934 798 3984 loci
840 3936 1103 3999 specimen
1148 3935 1294 3985 dabit
1333 3937 1599 3999 peroratio

539 4025 634 4075 pro
657 4011 881 4060 Murena
901 4014 929 4076 ς
953 4016 1034 4061 88.
1062 4015 1161 4061 διο.
1204 4004 1227 4039 ’θ
1245 4012 1298 4061 Si
1321 4011 1481 4077 (quod
1503 4013 1598 4064 Ju-

539 4085 677 4149 piter
729 4101 878 4135 omen
936 4085 1168 4150 avertat)
1224 4088 1361 4137 hunc
1406 4089 1597 4138 vestris

536 4163 807 4212 sententiis
849 4160 1169 4224 afflixeritis3
1205 4177 1304 4226 qno
1341 4178 1395 4212 se
1437 4164 1600 4232 miser

537 4240 737 4290 vertet?
770 4239 1043 4291 domumue
1062 4238 1081 4287 ἓ
1102 4251 1160 4290 ut
1183 4254 1296 4292 eam
1322 4241 1598 4306 imaginem

1662 2251 1914 2300 tulatione
1959 2251 2251 2313 conspexit.
2292 2248 2504 2298 eandem
2547 2246 2721 2297 defor-

1662 2337 1851 2376 matam
1896 2325 2202 2388 ignominia.
2237 2325 2602 2388 lugentemque
2647 2324 2722 2372 vi·

1663 2404 1819 2452 dente
1854 2417 1916 2451 an
1959 2401 2026 2451 ad
2074 2401 2328 2450 matrem?
2373 2415 2488 2465 quae
2533 2400 2722 2449 misera

1664 2483 1816 2532 modo
1840 2483 2097 2532 consulem
2120 2482 2351 2530 osculata
2369 2479 2530 2529 tilium
2554 2492 2724 2541 suum,

1653 2574 1801 2608 nunc
1821 2560 2088 2607 cruciatur
2109 2565 2163 2605 et
2185 2557 2387 2606 solicita
2401 2562 2578 2618 est,ne
2600 2569 2725 2606 enn-

1664 2626 1780 2683 dem
1809 2635 1962 2697 paulo
1987 2640 2107 2697 post
2127 2633 2402 2696 spoliatum
2438 2631 2578 2680 omni
2614 2630 2728 2694 dig-

1663 2712 1829 2758 nitate
1849 2710 2157 2773 conspiciat.
2224 2709 2323 2758 Sed
2349 2707 2473 2772 quid
2499 2722 2596 2770 ego
2618 2722 2728 2756 ma·

1666 2794 1798 2836 trem
1824 2794 1914 2834 aut
1937 2784 2144 2834 domum
2170 2784 2396 2848 appello,
2415 2798 2569 2849 quem
2594 2798 2729 2835 nova

1668 2877 1822 2926 poena
1864 2863 1994 2926 legis
2028 2871 2083 2912 et
2129 2862 2284 2910 domo
2325 2869 2381 2910 et
2414 2866 2634 2925 parente
2674 2865 2731 2911 et

1667 2938 1892 2987 omnium
1937 2952 2146 2987 suorum
2193 2937 2568 2986 consuetudine
2608 2951 2733 2986 con-

1669 3026 1955 3080 spectuque
1978 3015 2183 3079 privat?
2250 3015 2361 3064 Ibit
2384 3012 2544 3078 igitur
2566 3013 2619 3062 in
2645 3028 2734 3063 ex·

1670 3094 1811 3159 ilium
1834 3094 2020 3142 miser?
2056 3093 2187 3157 quo?
2220 3093 2285 3140 ad
2308 3093 2593 3141 orientisne
2614 3106 2733 3155 par-

1672 3176 1769 3232 tes,
1807 3170 1857 3217 in
1889 3162 2082 3233 ‘quibus
2116 3183 2277 3217 annos
2308 3170 2495 3218 multos
2526 3170 2735 3230 legatus

1672 3243 1790 3306 fuit,
1831 3251 1885 3293 et
1926 3243 2186 3293 exercitus
2211 3244 2359 3292 duxit
2380 3250 2541 3292 etres
2572 3244 2736 3293 maxi-

1674 3336 1781 3370 mas
1804 3320 1999 3383 gessit?
2048 3318 2122 3368 At
2144 3320 2304 3370 habet
2325 3334 2568 3383 magnum
2591 3322 2739 3370 dolo-

1673 3413 1801 3460 rem,
1846 3397 1982 3445 nnde
2030 3411 2148 3446 cum
2187 3397 2379 3447 honore
2419 3398 2738 3460 discesseris,

1672 3476 1854 3526 eodem
1877 3488 1995 3523 cum
2018 3474 2299 3536 ignominia
2318 3473 2529 3523 reverti.
2575 3473 2660 3522 An
2683 3488 2740 3524 se

1672 3552 1721 3601 in
1740 3551 2049 3601 contrariam
2067 3558 2320 3602 terrarum
2342 3559 2542 3616 partem
2559 3552 2741 3616 abdet,

1673 3628 1766 3685 ut‚’
1785 3631 1883 3678 διο.
2497 3644 2498 3647 ’
2567 3644 2570 3647 ’

1734 3711 1759 3737 ⁰
1793 3704 2058 3770 Secundus]
2094 3707 2416 3758 Hocntitnr
2454 3709 2592 3772 apud
2632 3709 2743 3758 Sal-

1675 3782 1793 3831 lust.
1816 3782 1867 3830 in
1885 3783 2035 3834 Bello
2053 3784 2294 3845 Jugurth.
2316 3784 2581 3834 Adherbal
2602 3786 2743 3849 apud

1677 3868 1913 3910 senatum
1973 3862 2259 3911 Romanum
2307 3876 2630 3927 conquerens
2685 3860 2742 3913 se
2833 3876 2836 3879 ·

1679 3949 1838 4000 regno
1888 3936 2214 4001 fortunisque
2268 3938 2501 3987 omnibus
2558 3940 2741 4003 expul-

1679 4027 1824 4063 sum:
1860 4014 1876 4040 ‘
1905 4014 2065 4062 Pater
2103 4027 2193 4062 nos
2234 4013 2361 4062 duos
2397 4008 2600 4063 fratres'
2625 4017 2745 4064 reli·

1680 4090 1826 4155 quit:
1873 4089 2086 4138 tertium
2126 4089 2434 4154 Jugurtham
2478 4091 2745 4142 beneficiis

1680 4168 1786 4216 suis
1812 4175 1952 4215 ratus
1975 4173 2056 4216 est
2084 4167 2228 4217 nobis
2251 4167 2586 4229 conjunctum
2610 4169 2742 4220 fore.

1670 4241 1836 4313 *Alter
1871 4257 2047 4293 eorum
2086 4252 2298 4294 necatus
2324 4250 2426 4305 est,
2457 4246 2594 4295 alter
2634 4247 2743 4310 ipse
