3020 4942
1268 253 1297 265 ⁴-

522 339 695 407 1220

519 501 705 585 gredi
735 502 891 567 licet
919 501 1057 567 duo
1082 495 1410 565 duntaxat
1438 499 1700 583 pedem*
1726 509 1848 566 aut
1870 499 2079 585 paulo
2107 502 2283 585 plus,
2313 521 2395 566 ne
2428 503 2619 586 plane
2648 504 2714 567 in

521 622 812 681 versum,
861 610 977 669 aut
1015 602 1514 667 similitudinem
1545 612 1855 667 versuum
1902 602 2298 668 incidamuS.
2388 603 2500 687 [p.
2539 605 2719 685 160]

514 704 701 771 Aliae
725 706 745 743 ¹
783 709 986 771 sunt⁴
1028 707 1356 789 geminae:
1402 705 1649 789 quibus
1679 704 1748 770 hi
1791 714 1924 770 tres
1958 703 2146 769 heroi
2188 705 2403 789 pedes
2447 709 2515 771 iu
2544 709 2717 789 prin-

521 809 704 891 cipia
732 809 1323 874 continuandorum
1354 809 1695 873 verborum
1727 810 1898 873 satis
1933 807 2177 872 decore
2204 809 2478 873 cadunt.
2567 810 2717 874 183.

519 908 854 977 Probatur
878 918 900 947 ⁸
943 918 1169 976 autem
1213 912 1299 975 ab
1355 912 1598 976 eodem
1643 912 1762 976 illo
1814 911 2110 976 maxime
2160 930 2405 996 paeon3
2450 913 2572 995 qui
2615 918 2719 976 est

517 1012 796 1095 duplex.
887 1015 1078 1079 Nam
1098 1019 1228 1103 “aut
1257 1034 1301 1077 a
1335 1014 1533 1098 longa
1558 1014 1783 1092 oritur,
1814 1033 2018 1096 quam
2059 1022 2191 1077 tres
2221 1015 2457 1079 breves
2488 1034 2717 1078 conse-

517 1124 833 1196 quuntur,
866 1123 941 1181 ut
968 1116 1115 1181 haec
1148 1117 1372 1193 verba,
1400 1122 1422 1151 ⁸
1447 1114 1777 1191 desinite,’
1807 1120 1826 1149 ‘
1845 1115 2177 1199 incipite,’
2204 1118 2224 1151 ‘
2245 1117 2661 1197 comprimite
2683 1115 2721 1182 :⁹

516 1222 634 1280 aut
664 1237 704 1281 a
738 1219 1096 1283 brevibus⁵
1141 1218 1463 1303 deinceps
1499 1220 1738 1292 tribuS,
1783 1223 2086 1282 extrema
2132 1218 2487 1301 producta,
2522 1225 2720 1302 atque

514 1317 736 1402 longa,
785 1322 961 1386 sicut
1007 1322 1126 1386 illa
1159 1325 1402 1397 suntk‘
1429 1318 1905 1399 domuerant,’⁶
1948 1329 1967 1359 ‘
1993 1318 2400 1404 sonipedes?
2488 1317 2718 1403 Atque

513 1419 618 1484 illi
649 1421 1055 1507 philosopho
1086 1423 1289 1487 ordiri
1312 1431 1338 1471 ⁷
1383 1423 1613 1505 placet
1653 1442 1696 1487 a
1728 1424 2072 1506 superiore
2103 1442 2363 1506 paeone,
2395 1422 2718 1504 posterio-

512 1540 586 1586 re
621 1524 850 1589 finire:
897 1532 999 1589 est
1021 1529 1272 1604 {autem
1312 1545 1513 1608 paeon
1561 1526 1671 1591 hic
1724 1527 2078 1610 posterior,
2126 1544 2254 1589 non
2302 1524 2720 1610 syllabarum

512 1643 815 1715 numero,
850 1626 971 1691 sed
1002 1628 1256 1691 aurium
1294 1646 1620 1702 mensura,
1651 1629 1862 1712 (quod
1909 1634 2018 1693 est
2046 1627 2072 1666 ⁸
2119 1628 2343 1692 acrius
2375 1626 2722 1711 judicium

515 1732 583 1791 et
631 1729 904 1808 certius)
947 1749 1071 1814 par
1097 1729 1235 1794 fere
1280 1726 1577 1805 cretico,t
1622 1733 1741 1813 qui
1770 1738 1881 1796 est
1913 1750 2003 1795 ex
2031 1731 2255 1812 longa,
2298 1734 2367 1795 et
2410 1731 2628 1812 brevi,
2659 1739 2722 1796 et

511 1829 755 1914 longa:
801 1837 875 1895 ut

1303 357 1382 402 M.
1428 355 1496 403 Τ.
1539 352 1946 405 CICERONIS

576 1986 601 2020 ἅ
640 1988 799 2051 Usque
817 1988 881 2037 od
901 1989 1019 2036 duos
1041 1991 1228 2036 tantum
1244 1987 1404 2049 pedes.
1927 1986 1942 2019 ¹
1975 1987 2326 2037 Percussiones.

1426 2124 1453 2141 O
1460 2124 1514 2143 θ’
1520 2122 1792 2143 ΟΜΟΟΟΟΟ

506 2223 658 2287 prob.
682 2221 888 2272 Schutz.
955 2223 1103 2286 Mox,
1121 2225 1237 2272 duos
1257 2223 1436 2272 Lamb.
1502 2224 1658 2286 Tum,
1682 2225 1793 2273 Erl.
1819 2229 1866 2273 1.
1889 2238 1975 2273 nec
1990 2226 2130 2287 plane
2151 2225 2427 2282 inventum·
2460 2229 2547 2274 aut
2566 2238 2654 2273 nec
2671 2225 2724 2274 in

436 2309 445 2333 l
506 2288 871 2338 similitudinem
889 2301 1054 2337 versus
1065 2303 1086 2346 ,·
1121 2290 1305 2337 Peste.
1328 2304 1393 2337 ex
1433 2290 1598 2338 tribus
1623 2291 1776 2338 codd.
1796 2290 1965 2346 dedit,
1986 2295 2067 2338 out
2089 2290 2457 2339 similitudinem
2477 2304 2724 2338 versus.—

507 2357 541 2402 4
576 2355 758 2403 Alteroe
778 2358 891 2402 sunt
911 2353 1014 2402 duo
1038 2353 1193 2403 codd.
1214 2368 1298 2416 ap.
1318 2353 1473 2402 Grut.
1527 2355 1596 2404 At
1630 2354 1705 2403 12oe
1729 2358 1839 2403 sunt
1863 2356 2000 2419 conj.
2027 2355 2203 2404 hamb.
2269 2355 2401 2405 Aliis
2430 2360 2545 2402 sunt
2582 2355 2720 2418 conj.

509 2419 720 2467 Schut-z.
786 2417 937 2479 Mox,
970 2419 1396 2467 continuandorum
1430 2419 1572 2482 sutis,
1605 2420 1794 2468 omisso
1822 2420 2086 2482 verborum,
2105 2420 2213 2469 Erl.
2231 2423 2281 2468 l.
2343 2420 2496 2482 Tum,
2522 2434 2621 2483 pro
2644 2436 2724 2468 cn·

506 2486 648 2544 dunt,
670 2484 887 2534 Schutz.
909 2491 965 2533 et
988 2485 1195 2533 Harles.
1217 2483 1344 2533 dant
1373 2487 1660 2534 κάηται-5
1698 2486 1876 2535 Lsml).
1910 2490 1995 2534 aut
2031 2487 2173 2546 longa
2194 2517 2209 2532 .
2225 2519 2239 2534 .
2259 2519 2273 2534 .
2294 2490 2379 2534 aut
2413 2485 2722 2533 brevibus.—

504 2553 539 2598 6
574 2550 679 2598 Erl.
703 2553 748 2599 1.
769 2550 1175 2599 domimum—⁷
1208 2550 1318 2598 Erl.
1338 2554 1387 2598 l.
1412 2551 1712 2599 oratorie-8
1746 2550 1926 2601 Lamb.
1949 2564 2148 2613 quarum
2167 2556 2258 2598 ese.
2323 2550 2497 2599 Paulo
2522 2560 2644 2613 post
2664 2556 2717 2599 st

1483 2669 1716 2739 'No‘rAE

1646 2794 1768 2844 dine
1802 2802 1910 2844 tres
1947 2794 2108 2859 pedes
2130 2794 2293 2855 heroi,
2316 2794 2576 2859 dactylus,
2595 2808 2721 2845 ans·

1648 2881 1862 2935 paestus,
1884 2878 1939 2922 et
1973 2871 2253 2935 spondeus,
2276 2873 2360 2920 vel
2385 2874 2577 2937 singuli
2600 2888 2719 2922 cum

511 2800 674 2853 τυλος,
684 2793 871 2858 dactylo
885 2794 1168 2859 contrarius,
1183 2794 1492 2857 appellatus,
1510 2808 1575 2843 ex

506 2867 707 2919 duabus
742 2868 1005 2933 brevibus,
1026 2880 1081 2919 et
1118 2886 1220 2920 uns
1250 2871 1405 2933 longa
1434 2886 1575 2920 com·

504 2946 740 3009 ponitur,
766 2955 822 2995 ut
846 2952 861 2974 ‘
883 2947 1080 2996 animos
1096 2944 1131 2996 ε’
1165 2962 1229 2995 ex
1254 2944 1344 2996 ἀνὰ
1365 2954 1420 2996 et
1436 2945 1575 3003 παίω,
1647 2950 1761 2997 aliis
1799 2950 1977 2999 mixti:
2017 2949 2155 3012 quod
2195 2949 2367 3011 potius
2404 2958 2488 2998 est
2525 2950 2720 2999 intelli-

492 3022 645 3087 serio,
676 3022 813 3087 quod
848 3037 974 3080 sono
1008 3023 1279 3086 reciproco
1313 3024 1575 3087 dactylum

503 3101 847 3164 repercutiat.

567 3186 592 3220 ⁴¹
624 3175 875 3242 Spondoei]
911 3177 991 3225 Ex
1027 3177 1224 3226 duabus
1259 3176 1426 3238 longis
1448 3190 1571 3225 con-

502 3251 680 3309 flatur,
698 3262 758 3303 ut
778 3256 794 3282 ‘
815 3252 1040 3305 omnes:'
1073 3254 1201 3302 dicti
1218 3252 1312 3301 ἀπὸ
1325 3254 1412 3311 τῆς
1427 3247 1573 3302 ἐπον-

494 3330 606 3405 ῥῆς,
627 3347 658 3379 α
690 3330 930 3386 libatione,
954 3329 1093 3395 quod
1126 3330 1179 3379 in
1200 3329 1458 3404 sacrificiis
1482 3330 1573 3380 sd·

501 3405 671 3457 hiberi
696 3408 941 3456 solerent.

569 3490 590 3516 ¹·
620 3486 747 3534 Alioe
766 3490 876 3552 sunt
894 3483 1123 3547 gemine]
1157 3483 1231 3533 Iu·
1250 3484 1456 3546 singulis
1481 3498 1573 3547 pe-

503 3559 657 3609 dibus
692 3562 1037 3625 simplicibus,
1058 3561 1182 3625 quia
1212 3559 1413 3610 habent
1434 3553 1573 3625 ἄρσιν

505 3647 560 3688 et
582 3636 731 3700 θέσιν,
743 3639 989 3687 elationem
1007 3644 1061 3687 et
1079 3638 1378 3702 positionem,
1397 3638 1571 3703 singu-

498 3713 568 3763 1ae
588 3722 710 3764 sunt
729 3716 1115 3777 percussiones:
1147 3715 1188 3762 si
1207 3713 1338 3762 duos
1356 3714 1408 3763 in
1425 3717 1569 3765 clau·

501 3790 615 3839 sula
639 3789 801 3853 pedes
822 3795 991 3838 certos
1012 3789 1388 3851 constituimus,
1407 3791 1570 3854 gemi-

500 3882 583 3917 nae
631 3874 756 3916 sunt
802 3865 1197 3929 percussiones:
1257 3866 1299 3911 si
1335 3865 1567 3916 ⁴totidem

499 3944 664 4007 pedes
702 3942 1008 4005 apponimus
1050 3941 1101 3990 in
1141 3940 1417 4005 principio,
1451 3941 1567 3993 aliae

498 4027 621 4068 sunt
657 4020 879 4083 geminae
914 4020 966 4067 in
1004 4017 1264 4081 principio
1298 4021 1565 4069 continua-

498 4095 676 4156 tionis,
711 4110 862 4160 quam
901 4095 1077 4145 Groeci
1107 4086 1566 4153 reptosov'vocant.

498 4171 774 4226 Ponuntur
809 4173 987 4236 itaque
1025 4184 1127 4219 nou
1163 4172 1273 4221 sine
1304 4172 1568 4235 dignitate

501 4255 556 4296 et
581 4249 630 4297 in
656 4249 914 4313 principio
937 4255 991 4299 et
1010 4249 1065 4300 iu
1088 4247 1209 4313 flue,
1233 4252 1316 4301 vel
1348 4251 1448 4315 ipsi
1481 4266 1563 4300 or·

1645 3027 1888 3089 gendum.
1955 3027 2043 3075 Ita
2063 3024 2349 3074 Streboeus.

1708 3109 1729 3134 ⁸
1758 3102 2028 3165 Probatur]
2081 3102 2247 3150 Locus
2289 3106 2374 3150 est
2412 3100 2717 3151 Aristotelis

1644 3171 1709 3227 ex
1744 3179 1929 3229 eodem
1966 3179 2185 3228 Rhetor.
2221 3191 2311 3226 ιιι.
2344 3182 2393 3226 8.
2428 3178 2714 3227 desumtus.

1644 3254 1701 3304 ‘O
1729 3252 1780 3304 δὲ
1810 3253 1953 3303 παιὰν
1973 3252 2199 3313 ληπτέος·
2230 3252 2323 3303 ἀπὸ
2342 3251 2493 3315 μόνον
2511 3254 2611 3318 γὰρ
2631 3254 2716 3303 οὐκ

1644 3329 1751 3381 ἔστι
1783 3331 1956 3397 μέτρον
1976 3334 2074 3380 τῶν
2099 3329 2332 3395 ῥηθέντων
2359 3330 2562 3394 ῥυθμῶν·
2590 3330 2715 3379 ὥστε

1640 3401 1857 3469 μάλιστὰ
1872 3410 2139 3458 λανθάνειν.
2200 3408 2352 3457 Poean
2375 3405 2511 3470 (sive
2535 3405 2715 3470 paeou)

1640 3488 1969 3549 usurpandus.-
2001 3500 2064 3535 ex
2084 3486 2171 3534 hoc
2200 3484 2327 3533 enim
2345 3498 2437 3531 imo
2454 3483 2713 3546 proedicto·

1640 3577 1746 3611 rum
1766 3576 2067 3612 numerorum
2087 3575 2181 3610 non
2193 3560 2263 3627 fit
2288 3575 2476 3612 vasus.-
2506 3562 2713 3623 adeoque

1638 3639 1848 3689 maxime
1879 3640 2016 3689 latet.
2081 3640 2326 3689 Ceterum
2366 3653 2469 3686 non
2507 3645 2712 3688 tantum

1640 3715 1857 3780 duplex,
1901 3717 1994 3765 sed
2041 3716 2197 3776 etism
2252 3712 2584 3777 quadruplex
2627 3715 2714 3761 *est

1641 3810 1830 3860 paeon3
1861 3801 2068 3844 constat
2105 3793 2241 3843 enim
2279 3800 2543 3855 praeterea
2577 3792 2709 3840 alins

1640 3886 1706 3921 ex
1741 3872 1911 3921 iambo
1950 3879 2006 3921 et
2041 3869 2326 3934 pyrrichio,
2363 3875 2421 3917 ut
2453 3870 2472 3898 ‘
2497 3865 2712 3916 docebi-

1638 3962 1751 3996 mus
1773 3945 1809 3996 :’
1844 3947 1974 3995 alius
2010 3960 2077 3995 ex
2110 3944 2372 4015 pyrrichio
2410 3951 2469 3992 et
2499 3944 2711 4006 choreo,

1638 4034 1698 4075 ut
1738 4027 1754 4053 ‘
1782 4025 2089 4073 moriamur?
2165 4021 2382 4070 Paeones
2422 4034 2605 4068 omnes
2640 4033 2711 4067 ex

1640 4101 1806 4149 tribus
1853 4099 2095 4148 brevibus
2139 4104 2195 4146 et
2240 4110 2341 4145 una
2387 4095 2541 4158 longa
2584 4108 2708 4143 con·

1639 4184 1795 4226 stant.

1705 4255 1720 4286 ²
1755 4251 1976 4311 Pursere
1991 4247 2186 4313 cretico]
2208 4248 2447 4299 Creticus
2462 4262 2570 4298 -seu
2600 4262 2706 4298 am·
