3020 4942
986 352 1087 400 nn
1134 351 1509 407 olannus,
1558 352 1605 409 ι.
1650 334 1760 400 62.
2337 332 2473 432 943

292 497 775 577 consuetudine,
819 517 955 582 qua
983 498 1110 563 tibi
1155 515 1358 563 nemo
1391 517 1680 581 unquam
1713 495 2071 580 praestitit:
2100 494 2294 579 cujus
2324 495 2471 578 qui-

290 602 423 668 dem
454 602 668 685 ipsius
711 596 1052 666 facultatis
1082 602 1510 677 exercitatio,
1542 607 1873 664 oratorum
1904 599 2179 683 propria
2208 603 2331 676 est,
2349 598 2471 662 sed

197 691 202 702 ⁸
282 702 410 786 jam
427 707 491 768 in
512 705 1051 788 philosophorum
1073 703 1558 770 consuetudine
1578 708 1906 781 versatur,
1920 701 2344 784 maximeque
2358 719 2469 764 eo-

288 809 562 893 rum,qui
584 809 669 872 de
690 808 865 871 omni
889 828 960 871 re
985 808 1345 891 proposita
1367 807 1435 870 in
1460 812 1806 889 utramque
1835 813 2094 888 partem
2125 805 2335 869 solent
2357 822 2469 867 co-

288 909 652 991 piosissime
677 910 923 973 dicere.
952 910 1103 973 264.
1117 907 1375 973 Verum
1389 928 1513 990 ego
1534 927 1665 971 non
1692 907 1940 971 solum¹
1967 905 2473 982 arbitrabar‚his

285 1012 640 1094 praesertim
667 1012 1121 1089 audientibuS,
1150 1030 1191 1075 a
1221 1031 1324 1075 me
1352 1010 1692 1076 informari
1721 1018 2053 1093 oportere,
2079 1008 2302 1093 qualis
2319 1028 2471 1074 esse

287 1119 503 1195 posset
531 1116 616 1193 is,
649 1114 766 1196 qui
794 1100 1121 1178 habitaret
1168 1114 1235 1176 in
1275 1112 1639 1186 subselliiS‚
1673 1131 1894 1200 neque
1932 1111 2293 1195 quicquam
2331 1129 2469 1174 am-

287 1216 453 1298 plius
484 1215 769 1298 afferret,
800 1211 1002 1299 quam
1031 1217 1211 1300 quod
1254 1234 1603 1282 causarum
1647 1214 2016 1279 necessitas
2055 1212 2468 1297 postularet:

287 1318 395 1382 sed
413 1319 625 1404 majus
653 1319 978 1403 quiddam
999 1318 1336 1394 videbam,
1353 1336 1503 1381 cum
1530 1318 1912 1404 censebam,
1935 1324 2474 1398 oratorem,prae-
2574 1335 2589 1348 *

288 1421 496 1485 sertim
528 1421 596 1485 in
626 1429 859 1485 nostra
881 1421 1259 1505 republica,
1287 1419 1541 1483 nullius
1564 1420 1927 1482 ornamenti
1959 1425 2298 1501 expertem
2323 1436 2472 1481 esse

286 1532 597 1606 oportere.
641 1524 750 1589 Tu
782 1529 1026 1601 autem,
1046 1522 1368 1607 quoniam
1389 1522 1656 1604 exiguis
1675 1522 2074 1604 quibusdam
2096 1520 2342 1586 finibus
2374 1524 2470 1584 to-

286 1631 412 1690 tum
442 1628 727 1691 oratoris
752 1645 997 1689 munus
1030 1623 1551 1701 circumdedisti,
1575 1624 1710 1688 hoc
1737 1622 2008 1689 facilius
2036 1622 2231 1687 nobis
2260 1641 2473 1705 expo-

284 1746 392 1792 nes
415 1748 513 1806 ea,
543 1748 702 1812 quae
738 1729 864 1793 abs
891 1736 958 1792 te
990 1727 1074 1792 de
1107 1719 1349 1791 officiis]
1378 1726 1880 1810 praeceptisque
1907 1725 2192 1789 oratoris
2214 1732 2240 1760 ²
2287 1743 2472 1808 quae-

287 1830 407 1894 sita
436 1843 629 1897 sunt:
679 1831 799 1896 sed
842 1831 1107 1913 opinor,
1154 1829 1527 1894 secundum
1573 1830 1751 1893 hunc
1790 1829 1967 1892 diem
1997 1839 2054 1891 :⁰
2100 1828 2270 1891 satis
2298 1827 2469 1890 enim

284 1932 480 1997 multa
510 1954 552 1999 a
581 1934 783 1998 nobis
811 1933 1011 1997 hodie
1053 1932 1239 1997 dicta
1284 1938 1466 1996 sunt.
1554 1931 1703 1995 265.
1752 1928 1821 1994 N
1828 1950 1958 1994 unc
2009 1937 2075 1995 et
2115 1924 2482 2006 Scaevola,‘

207 2057 212 2058 ff
285 2035 583 2116 quoniam
618 2037 688 2100 in
708 2034 1167 2098 Tusculanum
1185 2035 1282 2097 ire
1312 2032 1678 2110 constituit,
1709 2033 1982 2115 paulum
2004 2038 2025 2080 ³
2072 2031 2473 2115 requiescet,

285 2135 427 2200 dum
474 2158 546 2203 se
592 2137 785 2202 calor
830 2138 1182 2219 frangant
1223 2140 1292 2200 et
1333 2154 1460 2198 nos
1509 2134 1668 2217 ipsi,
1702 2136 2022 2218 quoniam
2054 2135 2125 2199 id
2156 2133 2472 2215 temporis

284 2247 425 2317 est‚⁹
469 2240 834 2306 valetudini
865 2238 1093 2303 demus
1124 2258 1417 2322 operam.
1482 2236 1755 2302 Placuit
1784 2239 1884 2302 sic
1916 2237 2250 2302 omnibuS.
2294 2235 2473 2299 Tum

285 2339 603 2421 Scaevola,
637 2342 842 2423 Sane,
891 2343 1132 2426 inquit,
1164 2340 1399 2405 vellem
1431 2359 1564 2404 non
1594 2340 2140 2419 constituissem}
2181 2340 2252 2405 in
2294 2338 2470 2403 Tus-

337 2554 358 2580 ⁰
388 2548 505 2598 Post
525 2549 651 2598 hunc
673 2549 817 2599 diem.
1004 2556 1035 2590 P
1068 2547 1352 2603 Imminuut.

341 2619 363 2652 ⁹
397 2614 630 2671 Quoniam
640 2612 749 2676 jam
771 2615 832 2663 ad
850 2613 1053 2663 medium
1072 2615 1199 2663 diem
1216 2612 1548 2676 processimus.
1646 2656 1647 2661 ,
1746 2620 1769 2644 ’“
1804 2612 2148 2689 Promisissem.

1192 2748 1554 2776 eneoeoeoen

340 2855 467 2906 cn.
489 2871 627 2907 mxu.
699 2861 725 2907 1
764 2859 871 2907 Pro
905 2858 1071 2919 solum,
1107 2858 1316 2907 Schutz.
1358 2856 1497 2921 conj.
1522 2834 1680 2906 talem.
1745 2855 1899 2906 ‘Non
1939 2854 2147 2903 omnino
2182 2826 2476 2904 necessaria

282 2922 405 2986 conj.
431 2923 677 2973 Matthiae
713 2922 779 2972 de
814 2924 1037 3001 anacol.’
1076 2924 1231 2973 Orell.
1297 2922 1445 2981 Mox,
1470 2923 1581 2973 Eri.
1607 2927 1652 2971 1.
1677 2921 1835 2972 habet
1863 2919 2250 2970 arbitraba—2
2285 2920 2474 2971 Pearc.

1262 3084 1483 3136 NOTAE

342 3177 361 3213 ¹
386 3182 528 3232 Nunc
547 3190 593 3234 et
618 3181 855 3247 Scoevola]
909 3184 1017 3233 Cur
1040 3183 1094 3232 in
1116 3182 1195 3232 his
1218 3183 1330 3232 dia-

282 3255 403 3315 logis
444 3273 544 3307 non
591 3267 793 3323 perstet
828 3260 1080 3315 Scaevola,
1120 3274 1332 3309 causam

284 3326 425 3381 affert
468 3335 578 3396 ipse
623 3334 819 3383 Tullius
859 3335 925 3383 ad
959 3333 1076 3386 Att.
1123 3347 1202 3384 lv.
1252 3337 1331 3383 16.

282 3405 296 3430 ‘
314 3407 461 3458 Quod
488 3411 539 3458 in
561 3410 624 3458 iis
656 3410 815 3471 libris,
838 3425 964 3476 quos
986 3410 1187 3474 laudas,
1214 3425 1333 3475 per·
1361 3408 1366 3413 ’

282 3495 446 3533 sonam
472 3485 739 3535 desideras
771 3487 1055 3550 Scaevolae3
1092 3503 1195 3537 non
1218 3503 1331 3537 eam

283 3565 469 3609 temere
492 3561 715 3611 dimovi:
757 3564 848 3612 sed
886 3558 989 3612 feci
1018 3563 1174 3625 idem,
1196 3563 1330 3628 quod

284 3634 329 3683 in
367 3638 591 3704 Πολιτείᾳ
628 3642 775 3689 Deus
808 3641 902 3705 *iile
942 3652 1122 3691 noster
1156 3640 1335 3705 Plato,

282 3725 387 3761 cum
425 3717 476 3764 in
529 3716 789 3766 Piraeeum
827 3719 1069 3767 Socrates
1106 3719 1334 3768 venisset

283 3786 342 3835 ad
362 3789 645 3853 Cephalum
669 3792 982 3855 locupletem
1008 3799 1063 3841 et
1090 3791 1332 3842 festivum

280 3877 484 3926 senem3
523 3866 690 3931 quoad
716 3871 913 3932 primus
936 3869 1024 3917 ille
1056 3883 1226 3918 sermo
1247 3869 1333 3918 ha-

282 3937 510 4005 beretur,
542 3943 693 3995 adest
713 3945 765 3994 in
788 3944 1107 4010 disputando
1132 3960 1291 3995 senex
1316 3962 1331 3993 ε

280 4014 463 4066 deinde
481 4032 596 4068 cum
621 4019 733 4083 ipse
761 4035 960 4086 quoque
982 4021 1333 4072 commodissi-

280 4104 357 4139 me
386 4094 588 4145 locutus
610 4106 769 4160 esset,
788 4097 853 4146 ad
879 4113 985 4148 rem
1009 4097 1234 4148 divinam
1258 4098 1332 4148 di-

280 4168 349 4217 cit
368 4185 424 4224 ‚se
451 4172 585 4221 velle
607 4174 920 4225 discedere:
954 4188 1127 4239 neque
1154 4185 1337 4240 postea

1413 3185 1711 3234 revertitur.
1780 3183 1949 3233 Credo
1968 3184 2245 3233 Platonem
2269 3181 2354 3230 vix
2379 3196 2474 3244 pu-

1412 3268 1556 3310 tasse
1593 3261 1718 3309 satis
1755 3274 2032 3311 consonum
2069 3258 2202 3320 fore,
2237 3258 2281 3308 si
2314 3257 2478 3308 homi-

1413 3351 1530 3385 nem
1565 3336 1616 3384 id
1640 3337 1811 3386 aetatis
1836 3339 1886 3385 in
1924 3345 2028 3386 tam
2054 3338 2206 3400 longo
2237 3346 2478 3386 sermone

1414 3410 1607 3467 diutius
1631 3411 1955 3461 retinuisset.
2006 3412 2176 3461 Multo
2196 3425 2292 3474 ego
2314 3414 2475 3461 satius

1412 3491 1510 3539 hoe
1535 3490 1654 3538 mihi
1680 3488 1967 3539 cavendum
1993 3489 2174 3552 putavi
2196 3489 2248 3537 in
2270 3489 2478 3538 Scaevo-

1415 3565 1465 3614 la
1481 3583 1497 3627 3
1515 3566 1602 3629 qui
1626 3573 1682 3617 et
1696 3571 1852 3613 aetate
1870 3572 1928 3614 et
1942 3563 2244 3614 valetudine
2263 3570 2378 3612 erat
2396 3576 2478 3624 ea,

1414 3656 1517 3706 qua
1539 3655 1651 3690 esse
1675 3640 1983 3703 meministi3
2016 3648 2072 3689 et
2095 3641 2154 3688 iis
2178 3639 2478 3701 honoribus,

1417 3724 1475 3767 ut
1499 3720 1587 3767 vix
1611 3717 1736 3767 satis
1765 3718 2009 3767 decorum
2047 3715 2332 3772 videretur,
2358 3727 2476 3763 eum

1414 3796 1589 3857 plures
1610 3795 1723 3843 dies
1746 3806 1857 3843 esse
1879 3794 1931 3843 in
1953 3792 2123 3843 Crassi
2145 3790 2474 3839 'fusculanoz

1415 3878 1469 3919 et
1494 3877 1608 3919 erat
1627 3871 1779 3934 primi
1801 3869 1921 3919 libri
1945 3882 2114 3919 sermo
2141 3881 2244 3916 non
2275 3866 2476 3916 alienus

1416 3959 1445 3994 a
1459 3946 1707 3995 Scaevolae
1725 3947 1908 3996 studiis
1924 3962 1940 4008 3
1967 3945 2151 4010 reliqui
2172 3944 2289 3993 libri
2302 3959 2476 4005 τεχνο-

1413 4019 1588 4082 λογίαν
1609 4021 1824 4082 habent,
1846 4029 1905 4071 ut
1931 4023 2050 4072 scis.
2118 4020 2257 4070 Huic
2275 4020 2478 4083 jocula-

1416 4097 1566 4146 toriae
1611 4096 1949 4160 disputationi
1994 4111 2168 4148 senem
2213 4096 2373 4159 illum,
2416 4101 2478 4146 ut

1418 4186 1594 4234 noras,
1617 4171 1868 4221 interesse
1892 4172 2070 4222 nolui.'
