3020 4942
524 322 657 386 834
1294 329 1371 376 M.
1419 329 1488 375 rr.
1536 325 1949 376 cicnnorus

530 493 602 550 et
649 483 748 548 M.
782 480 1123 546 AEmilium
1159 478 1542 563 Porcinam,
1588 481 1657 539 et
1701 473 1782 539 C.
1824 475 2052 557 ipsum
2082 470 2483 544 Carbonem,
2524 488 2723 553 quem

529 595 602 658 tu
632 583 1166 651 adolescentulus
1198 579 1582 665 perculisti‚‘
1611 579 1906 661 ignarum
1937 576 2176 657 legum,
2201 573 2633 640 haesitantem
2658 574 2724 636 iu

527 690 858 773 majorum
904 685 1248 762 institutiS,
1298 683 1531 747 rudem
1562 683 1630 747 in
1652 681 1805 766 jure
1835 679 2020 744 civili
2047 696 2065 742 t
2111 687 2176 743 et
2202 679 2347 743 haec
2378 682 2549 744 aetas
2579 694 2728 739 nos-

529 800 687 869 trast
714 796 958 874 praeter
990 796 1079 867 te,
1110 787 1380 865 Crasse,
1411 786 1524 869 qui
1556 792 1670 850 tuo
1701 783 1913 865 magis
1937 780 2185 857 studio,
2216 800 2418 864 quam
2450 777 2732 862 proptio

526 913 799 964 munere
817 893 1040 975 aliquo
1065 891 1481 964 disertorum,
1493 886 1612 970 jus
1635 906 1677 951 a
1696 885 1939 949 nobis*
1966 884 2166 948 civile
2189 881 2512 960 didicisti,
2545 878 2731 964 quod

526 996 849 1061 interdum
881 996 1159 1079 pudeat,
1190 993 1361 1075 juris
1390 992 1620 1074 ignara
1652 995 1776 1053 est.

564 1155 565 1158 ,
609 1100 715 1162 41.
765 1097 964 1176 Quod
997 1114 1151 1162 vero
1184 1096 1253 1158 in
1283 1100 1586 1158 extrema
1615 1093 1938 1165 oratione,
1988 1088 2180 1172 quasi
2227 1094 2345 1152 tuo
2366 1086 2520 1171 jure
2549 1104 2731 1149 sum-

525 1202 695 1277 sisti,
740 1211 1069 1264 oratorem
1117 1197 1186 1260 in
1232 1196 1449 1260 omnis
1495 1194 1823 1259 sermonis
1860 1191 2354 1275 disputatione⁵
2397 1188 2731 1271 copiosis-

525 1304 693 1366 sime
725 1321 929 1385 posse
958 1298 1236 1377 versari,
1265 1297 1357 1388 id,
1383 1297 1512 1362 nisi
1560 1295 1671 1361 hic
1714 1295 1783 1360 in
1811 1304 1930 1359 tuo
1975 1303 2210 1377 regno⁹
2238 1312 2560 1369 essemuS,
2600 1311 2731 1356 non

524 1405 857 1481 tulissem,
905 1403 1264 1485 multisque
1310 1419 1702 1484 praeessem,
1762 1399 1881 1483 qni
1929 1405 2074 1462 aut·
2098 1396 2453 1462 interdicto
2503 1391 2729 1460 tecum

527 1505 1055 1582 contenderent,‘
1100 1509 1216 1569 aut
1242 1509 1309 1569 te
1352 1523 1436 1568 ex
1457 1503 1611 1588 jure
1639 1521 1841 1566 manu
1872 1507 2254 1566 consertum
2275 1497 2343 1539 ⁶⁸
2389 1501 2726 1574 vocarent,

525 1609 709 1691 quod
762 1607 832 1671 in
882 1608 1138 1671 alienas
1189 1606 1652 1689 possessiones
1701 1613 1835 1668 tam
1887 1611 2131 1668 temere
2183 1601 2517 1668 irruisses.
2620 1598 2725 1664 42.

523 1710 821 1795 Agerent
843 1711 1017 1774 enim
1045 1716 1262 1774 tecum
1287 1710 1476 1790 leger
1498 1707 1783 1791 primum
1806 1703 2243 1791 Pythagoreit
2269 1723 2500 1770 omnes
2524 1710 2727 1787 atque

589 1887 605 1916 θ
637 1884 720 1931 Sic
741 1884 992 1947 accusasti,
1009 1889 1063 1934 ut
1083 1884 1331 1945 injudicio
1351 1884 1637 1933 vinceretur.
1882 1891 1910 1917 '⁸
1946 1884 2172 1933 Oratores
2188 1881 2326 1944 hujus
2344 1881 2523 1930 oetotis.

594 1956 619 1981 θ
651 1949 799 1997 Domi
824 1955 936 2000 ενα».
1217 1958 1253 1981 ¹⁰
1284 1949 1495 2011 Legibus
1514 1956 1681 1999 contra
1704 1952 1752 1998 te
1772 1954 2037 1999 uterentur.
2107 1997 2113 2002 .

1446 2069 1504 2088 ‘O
1505 2068 1744 2089 000000
1747 2067 1805 2088 Ν

2034 2104 2045 2127 Ι

523 2164 573 2209 2.
607 2160 754 2209 Rom'
774 2159 911 2210 Kob
946 2160 1084 2209 etG.
1108 2160 1261 2225 ipsum
1284 2161 1426 2210 Carb.
1461 2160 1631 2211 Oxon.
1663 2163 1731 2212 U.
1762 2167 1811 2211 et
1844 2163 1940 2211 Cn.
1970 2162 2140 2225 ipsum,
2175 2164 2258 2225 &a
2293 2161 2451 2212 Grut.
2473 2168 2528 2211 et
2553 2161 2722 2224 vnlgg.

524 2226 633 2273 Pro
662 2225 1088 2289 perculisti,quod
1115 2228 1307 2275 babent
1331 2227 1440 2276 Erl.
1466 2232 1515 2276 1.
1535 2227 1703 2276 Gron.
1734 2228 1894 2276 Verb.
1916 2231 2017 2277 ὅτε.
2062 2228 2309 2291 pertulisti
2331 2227 2554 2291 legitnr'
2542 2242 2596 2275 in
2621 2227 2726 2275 Erl.

522 2294 572 2339 2
603 2290 850 2353 perpulisti
873 2290 1027 2338 Rom.
1051 2289 1193 2340 Kob.
1214 2291 1364 2342 Junt.
1397 2292 1571 2342 Streb.
1574 2296 1669 2341 -4
1705 2292 1881 2341 Oxou.
1913 2310 1961 2352 α,
1999 2292 2083 2353 jus
2119 2307 2149 2342 a
2189 2293 2379 2341 nostris.
2380 2296 2476 2339 -5
2512 2292 2724 2342 Schntz.

523 2356 663 2417 conj.
697 2355 749 2403 in
767 2356 895 2403 omni
914 2370 1127 2406 sermone
1145 2371 1203 2404 ac
1211 2356 1574 2431 ἀίερηιᾳιίοηες
1606 2357 1713 2407 Erl.
1738 2361 1792 2406 2.
1818 2355 1997 2408 Guelf.
2011 2362 2061 2407 2.
2076 2361 2127 2405 3.
2160 2356 2213 2404 in
2234 2358 2361 2406 omni
2380 2358 2611 2406 sermonis
2632 2357 2725 2406 dis-

518 2420 793 2483 punitione,-
827 2420 1173 2471 Lamb.1566.
1204 2420 1401 2470 inmuni
1423 2436 1638 2471 sermone
1657 2422 1990 2485 copiosissime.
2043 2423 2208 2471 Paulo
2228 2430 2366 2486 post,
2390 2422 2567 2473 Oxou·
2589 2440 2640 2484 α,
2661 2421 2724 2469 al.

558 2485 792 2548 p..Grnt
813 2486 1434 2550 etMu11.praeissem.-6
1469 2488 1653 2538 Lamb.
1690 2488 1843 2537 Mull.
1883 2497 1936 2537 et
1968 2487 2174 2538 Schntz.
2209 2503 2399 2537 monum
2433 2492 2725 2543 consertum;

520 2500 636 2600 Eprl.
661 2556 710 2600 1.
733 2550 888 2600 Rom.
912 2552 1052 2602 Kob.
1074 2551 2279 2623 Junt.Sti-eb.Gron.Verburg.Wetze1.manu
2298 2558 2597 2613 consertum5
2620 2551 2727 2601 Erl.

1518 2681 1569 2730 N
1575 2680 1735 2732 OTAE

519 2763 724 2813 dicetur
747 2761 799 2811 in
817 2763 1002 2812 Bruto.

581 2847 603 2873 ¹*
635 2840 897 2889 Interdicto
921 2845 1075 2890 tecum
1106 2837 1463 2901 contenderent]
1496 2839 1582 2889 In·

519 2916 820 2977 terdictum,
852 2917 1090 2978 praetoris
1117 2924 1198 2965 est
1230 2917 1457 2967 edictum
1482 2932 1585 2981 quo

512 2991 671 3055 jubet
720 2991 919 3056 ,aliquid
970 2993 1053 3041 vel
1104 2991 1215 3053 fieri
1272 2992 1353 3041 vel
1399 2993 1584 3043 omitti.

517 3068 796 3119 Sententia
817 3074 928 3117 est:
953 3068 1110 3118 Multi
1135 3069 1276 3117 litem
1300 3069 1395 3118 tibi
1416 3069 1583 3118 inten-

521 3147 726 3207 derent,
767 3151 823 3194 et
858 3146 994 3208 lege,
1034 3159 1095 3194 ac
1134 3145 1373 3209 praetoris
1413 3146 1586 3196 edicto

520 3229 691 3272 tecum
717 3230 953 3284 agerent,
987 3220 1122 3285 quod
1157 3236 1269 3271 eam
1305 3234 1432 3283 rem,
1465 3238 1581 3288 quae

517 3299 744 3363 pertinet
785 3298 851 3347 ad
890 3299 1016 3347 alias
1049 3305 1212 3365 artes,
1254 3298 1490 3348 nimirum
1529 3301 1583 3351 in

518 3375 655 3424 omni
684 3375 1052 3438 disputatione
1107 3378 1315 3440 copiose
1369 3376 1583 3438 versari,

520 3462 762 3518 tanquam
778 3453 973 3502 oratori
991 3454 1254 3519 propriam
1273 3453 1507 3504 vindices
1522 3453 1582 3502 il·

519 3530 554 3578 li
575 3544 635 3578 ac
661 3529 875 3579 tribuas.

583 3613 602 3638 ⁸
638 3606 717 3655 Ex
734 3604 852 3666 jure
878 3620 1020 3657 manu
1046 3605 1335 3668 consertum]
1369 3606 1581 3655 Manum

518 3696 791 3731 conserere
811 3689 891 3731 est
909 3683 1117 3744 proprie
1138 3683 1188 3729 in
1209 3683 1385 3746 praelio
1406 3683 1582 3735 venire

519 3758 584 3808 ad
610 3772 805 3813 manus.
868 3755 1204 3807 Transfertur
1234 3767 1407 3808 autem
1433 3774 1464 3808 a
1492 3759 1583 3807 mi·

518 3836 645 3886 litiae
669 3835 1037 3886 certaminibus
1054 3835 1125 3884 ad
1156 3834 1254 3884 fori
1292 3838 1586 3896 contentio·

518 3926 628 3960 nes.
697 3913 914 3963 Scilicet
934 3913 1150 3975 petitor,
1174 3918 1229 3962 et
1254 3913 1298 3959 is
1321 3927 1352 3964 a
1373 3928 1474 3977 quo
1497 3928 1586 3975 pe·-

519 3989 750 4049 tebatur,
786 3988 928 4038 dicta
949 3989 1054 4054 die,
1090 3988 1144 4039 in
1180 4005 1359 4052 agrum
1394 3991 1587 4056 litigio-

521 4080 630 4113 sum
655 4065 1050 4123 conveniebant,
1083 4065 1430 4131 simulatoque
1466 4082 1585 4117 con·
1619 4132 1622 4135 y

518 4139 689 4205 flictu,
712 4140 859 4203 quasi
884 4155 978 4206 per
1010 4142 1111 4191 vim
1135 4143 1499 4205 expellebatur
1520 4157 1586 4192 ex

520 4231 643 4283 agro
679 4216 909 4281 petitor:
939 4216 1022 4269 hic
1065 4217 1254 4269 deinde
1290 4219 1355 4269 ad
1393 4224 1584 4286 praeto·

1667 2778 1774 2813 rem
1810 2763 2114 2827 appellabat
2149 2764 2214 2813 de
2247 2763 2319 2826 vi,
2339 2778 2401 2814 ac
2434 2764 2652 2826 petebat
2671 2772 2727 2815 nt

1665 2854 1758 2890 sua
1781 2841 1879 2888 sibi
1913 2840 2333 2890 restituerentur.
2403 2843 2488 2891 De
2521 2841 2620 2892 hac
2654 2844 2725 2892 lo*

1666 2916 1872 2966 cutione
1907 2918 2059 2980 plura
2081 2916 2285 2966 Gellius
2306 2930 2405 2967 xx.
2429 2921 2509 2967 10.
2575 2919 2729 2969 Manu

1668 3008 1762 3057 pro
1779 3008 1958 3043 manus
1978 2993 2189 3057 dicitnr,
2203 3000 2465 3055 expuncta
2479 3009 2626 3053 more
2640 3010 2725 3044 ve-

1668 3080 1832 3120 terum
1847 3086 1900 3120 s.-
1919 3072 2249 3120 consertum-in
2269 3070 2451 3131 supino
2473 3085 2503 3118 a
2523 3060 2730 3133 consero,

1664 3147 1800 3210 qnod
1830 3154 1913 3211 est
1948 3148 2236 3196 committo.
2305 3147 2550 3196 Ceterum
2574 3148 2724 3212 hujus

1662 3225 1762 3273 loci
1792 3224 2050 3273 sententia
2085 3231 2197 3273 este
2236 3223 2393 3273 Multi
2427 3234 2729 3288 repeterent

1665 3315 1728 3349 ac
1765 3301 1969 3350 restitui
2006 3302 2353 3363 postularent,
2384 3300 2625 3353 adbibita
2652 3318 2728 3352 sm

1662 3378 1803 3427 lenni
1827 3378 1964 3441 juris
1993 3378 2230 3434 formula,
2251 3393 2357 3428 rem
2389 3392 2422 3429 a
2455 3387 2509 3428 te
2543 3390 2727 3431 contro

1655 3453 1746 3517 jus
1769 3453 1952 3517 fasque
1975 3461 2311 3518 occupatam.

1730 3532 1746 3564 ²
1776 3532 2099 3596 Pythagorei]
2149 3530 2470 3595 Philosophi,
2509 3545 2728 3596 qnorum

1666 3607 1773 3656 dux
1798 3608 2139 3672 Pythagoras.
2205 3607 2310 3657 Hic
2333 3613 2507 3656 autem
2539 3622 2611 3657 ex
2650 3611 2726 3657 in-

1669 3683 1781 3732 sula
1824 3683 1978 3732 Sarno
2011 3679 2255 3733 oriundus
2295 3691 2417 3746 post
2459 3683 2727 3734 diuturnas

1669 3759 2111 3822 peregrinationes
2134 3760 2363 3809 Crotone
2391 3759 2654 3824 consedit,
2677 3761 2726 3810 in

1668 3850 1732 3883 ea
1754 3834 1924 3883 Italiae
1959 3842 2126 3898 parte,
2160 3850 2274 3900 quae
2299 3836 2492 3898 Magna
2516 3835 2727 3885 Gracia

1669 3912 1932 3974 appellata
1956 3920 2055 3972 est,
2086 3912 2265 3975 ibique
2291 3912 2585 3962 incredibili
2607 3924 2725 3962 con·

1668 4000 1821 4036 cursu
1846 3987 2041 4036 docuit.
2083 3988 2426 4052 Quinquenne
2448 3988 2722 4047 silentium,

1667 4061 1804 4127 qnod
1848 4062 2121 4126 aliquando
2165 4064 2428 4114 contraxit
2473 4063 2538 4112 ad
2584 4063 2724 4115 bien-

1666 4141 1828 4201 nium,
1865 4141 2110 4204 exigebat
2144 4158 2174 4192 a
2211 4143 2504 4206 discipulis,
2539 4143 2721 4209 quibus

1666 4232 1932 4284 nunquam
1974 4219 2117 4275 licuit
2152 4234 2269 4272 cum
2310 4220 2593 4279 extraneis,
2627 4220 2719 4270 hoc
