3020 4942
2385 382 2523 449 835

304 542 805 621 Democritici,⁷
825 549 856 579 ¹²
900 542 1268 625 ceterique,
1319 542 1391 607 in
1438 561 1565 606 suo
1611 561 1868 624 genere,
1921 540 2189 626 physici
2220 542 2520 609 vindica-

309 645 539 723 rent,³⁸
574 646 797 711 ornati
825 644 1128 709 homines
1160 647 1228 709 in
1258 644 1549 709 dicendo
1582 652 1653 707 et
1682 663 1940 725 graveS,
1971 645 2370 727 quibuscum
2395 647 2522 711 tibi

304 748 492 832 justo
539 753 1000 812 sacramentov
1048 748 1443 813 contendere
1487 767 1621 811 non
1644 748 1926 812 liceret.⁹
1990 746 2319 830 Urgerent
2347 768 2527 832 prae·

309 858 495 916 terea
522 852 1080 935 philosophorum
1109 863 1393 934 greges?
1411 852 1558 935 jam
1579 851 1667 914 ab
1690 851 1809 914 illo
1828 851 2031 927 fonte,
2063 859 2135 915 et
2158 854 2379 936 capite
2402 852 2529 917 So-

310 963 540 1032 crate:
584 954 746 1018 nihil
775 962 843 1019 te
866 966 894 996 ⁶
923 953 1005 1017 de
1036 956 1238 1019 bonis
1272 955 1472 1018 rebus
1506 954 1577 1016 in
1604 954 1771 1031 vita,
1802 952 1969 1017 nihil
2003 951 2085 1016 de
2115 955 2336 1032 maliS,
2363 956 2528 1020 nihil

311 1056 396 1120 de
425 1058 636 1121 animi
666 1058 1224 1140 permotionibuS,
1275 1058 1439 1122 nihil
1488 1056 1574 1120 de
1618 1056 1956 1121 hominum
1985 1055 2314 1133 moribuS,
2362 1057 2527 1122 nihil

309 1159 399 1224 de
432 1161 695 1224 ratione
724 1145 888 1225 v'itae
920 1161 1270 1239 didicisse,
1299 1159 1754 1225 nihilomnino
1777 1159 2135 1242 quoesisse,
2165 1159 2327 1223 nihil
2353 1159 2528 1225 scire

302 1264 818 1327 convincerent:
865 1271 935 1327 et
962 1284 1114 1328 cum
1137 1272 1192 1305 ¹0
1231 1263 1537 1328 ‘universi
1584 1262 1655 1327 in
1707 1270 1773 1327 te
1823 1262 2142 1346 impetum
2191 1262 2529 1339 fecissent,
2605 1347 2610 1350 .

304 1370 455 1429 tum
486 1366 763 1450 singulae
794 1365 1073 1430 familiae
1102 1366 1125 1405 ὅ
1169 1365 1357 1429 litem
1397 1365 1523 1430 tibi
1567 1364 2000 1431 intenderent.
2086 1366 2196 1431 43.
2241 1365 2533 1431 Instaret

1024 397 1123 446 nn
1171 397 1558 461 ouAroRE,
1607 399 1657 446 1.
1704 383 1811 446 10.

370 1564 401 1588 ⁸
434 1555 515 1605 Ab
535 1556 711 1616 injusto
730 1567 992 1619 possessore
1014 1563 1150 1607 mum
1169 1558 1264 1608 sibi
1284 1572 1388 1607 rem
1407 1558 1605 1608 restitui
1623 1558 1935 1623 postularent.

378 1630 408 1663 v
442 1622 818 1671 Innumerabiles
816 1623 1243 1699 ..philosophorum
1238 1630 1396 1673 sectoe.

379 1692 405 1718 ²
438 1686 528 1734 Illi
560 1686 654 1749 ipsi
682 1687 829 1748 primi
857 1688 1126 1751 phiiosophi
1161 1688 1244 1752 qui
1278 1704 1311 1738 a
1346 1689 1547 1738 Socrate
1578 1688 1734 1751 primo
1768 1688 2069 1753 philosophia
2112 1689 2303 1738 moratis
2341 1692 2533 1738 auctore

279 1800 289 1806 .
319 1753 573 1801 duxerunt
595 1751 843 1813 originem.
895 1763 899 1766 “

387 1816 551 1873 ⁰Qui
570 1816 672 1866 haec
693 1816 849 1866 omnia
872 1816 1045 1893 tribuis
1065 1815 1267 1870 oratori.
1687 1814 1709 1849 ‘³
1742 1817 1917 1868 Sectoe.

1241 1945 1299 1965 θ’
1304 1945 1606 1966 eneae-'Oete

312 2058 372 2104 2.
405 2068 576 2115 niagno
596 2069 740 2103 mauu
760 2059 1042 2104 consertum
1043 2058 1139 2102 -7
1177 2053 1390 2103 Schutz.
1427 2052 1749 2103 auctoritate
1788 2053 1903 2103 cod.
1932 2053 2107 2102 Oxou.
2129 2056 2170 2108 β
2201 2050 2396 2101 delevit
2416 2053 2536 2115 lege

313 2119 459 2181 quod
498 2120 696 2169 habent
729 2121 840 2169 Erl.
873 2124 921 2168 1.
954 2123 1005 2167 2.
1044 2127 1099 2167 et
1141 2120 1318 2181 vulgg.
1388 2119 1669 2183 Pythagora
1706 2134 1749 2167 o.
1784 2124 1868 2168 aut
1902 2119 2170 2167 Democriti
2204 2116 2376 2167 Oxou.
2397 2117 2533 2167 U.—

312 2188 350 2233 8
387 2184 576 2246 Vulgo,
596 2185 650 2233 iu
670 2200 761 2233 suo
771 2199 944 2247 genere
975 2184 1180 2247 physici,
1200 2185 1622 2247 vindicarentque3
1646 2184 1738 2232 sed
1764 2184 1902 2233 istud
1924 2199 2013 2247 que
2036 2185 2189 2232 abest
2211 2182 2274 2231 ab
2298 2183 2535 2232 omnibus

312 2249 476 2297 codd.
508 2249 743 2313 ceterique
763 2251 816 2299 iu
835 2265 919 2298 suo
940 2248 1114 2311 phisici
1135 2249 1435 2298 vindicarent
1458 2250 1510 2297 iu
1532 2250 1729 2298 diceudo
1748 2255 1793 2297 et
1813 2263 1987 2310 graves
2009 2249 2181 2298 Er1.1.
2207 2247 2293 2296 ubi
2322 2253 2372 2298 et
2393 2248 2534 2296 dele·

311 2322 430 2363 tum
455 2322 534 2362 est
556 2328 587 2362 a
606 2328 671 2364 m.
696 2329 802 2364 sec.
833 2313 1071 2375 ceterique
1091 2313 1144 2361 iu
1167 2329 1250 2362 suo
1269 2328 1446 2376 genere
1466 2313 1662 2390 physici·
1674 2313 1970 2362 vindicarent
2005 2314 2115 2363 Erl.
2147 2317 2195 2362 2.
2230 2314 2461 2377 ceterique
2482 2314 2536 2361 iu

312 2394 406 2428 suo
436 2379 624 2443 physici
661 2379 960 2429 vindicarent
995 2379 1184 2427 Pearc.
1221 2393 1286 2427 ex
1328 2377 1483 2428 codd.
1518 2379 1753 2440 ceterique
1773 2377 1886 2437 jure
1912 2394 1996 2427 suo
2028 2378 2212 2443 physici
2235 2378 2535 2428 vindicarent

314 2444 498 2493 idem
486 2459 537 2493 ιιι
563 2444 647 2492 ed.
668 2458 772 2494 sec.
801 2444 986 2509 physici
1006 2443 1290 2504 judicarent
1331 2444 1506 2494 Oxou.
1542 2443 1617 2504 Ζ,
1651 2444 1976 2507 ύίηάἰοανειιεᾳ
1978 2459 2035 2493 ue
2059 2444 2124 2494 U.
2188 2443 2335 2500 Mox,
2359 2443 2536 2493 Oxon.

314 2510 392 2568 U,
413 2525 519 2560 cum
542 2509 650 2559 tibi
717 2509 895 2559 Guelf.
918 2514 960 2559 1.
986 2513 1038 2558 2.
1057 2513 1107 2560 3.
1129 2517 1185 2559 et
1219 2509 1331 2560 Erl
1353 2513 1404 2558 2.
1427 2508 1619 2571 justum
1651 2514 2008 2571 sacramentum.
2010 2513 2109 2558 -9
2144 2509 2319 2559 Oxou.
2340 2509 2410 2573 U,
2442 2523 2539 2558 nou

1318 2662 1539 2713 No'rAE

1469 2774 1535 2810 an
1571 2758 1733 2809 oculis
1767 2773 1826 2808 se
1863 2758 2166 2823 privaverit,
2188 2768 2248 2808 ut
2270 2774 2422 2823 qnam
2447 2761 2544 2809 mi·

1468 2822 1607 2888 nir'ne
1652 2837 1851 2888 animus
1888 2852 1918 2885 a
1953 2836 2357 2900 cogitationibus
2381 2837 2543 2885 abdu-

1480 2920 1712 2974 ceretur,
1737 2914 1952 2977 ambigit
1978 2914 2162 2963 Cicero
2182 2914 2248 2961 de
2271 2914 2385 2962 Fin.
2422 2914 2458 2961 l.
2485 2928 2540 2962 v.

319 2770 424 2823 est,
440 2777 542 2812 non
562 2762 942 2826 Pythagoricis,
960 2762 1027 2812 de
1045 2762 1108 2812 ’ris
1125 2776 1243 2826 quae
1257 2761 1386 2810 didi·

322 2839 542 2897 cissent,
564 2839 703 2901 loqui
729 2855 743 2887 ε
780 2839 961 2889 docuit
989 2837 1387 2902 μετεμψῦχωσινς

321 2917 511 2966 coetum
537 2924 592 2965 et
614 2916 791 2965 stellas
810 2923 972 2979 stare,
991 2924 1179 2967 terram
1201 2922 1397 2970 moveri

322 2993 572 3049 credidit,
595 3001 652 3041 ut
687 3007 753 3041 ex
777 2993 1061 3043 Plutarcho
1092 2994 1399 3059 colligimus.

321 3066 700 3130 Philosophum
746 3083 801 3117 se
844 3069 1048 3141 ‘primus
1092 3071 1397 3133 appellavit,

238 3205 242 3209 4
322 3161 441 3196 curn
487 3146 631 3210 prius
667 3160 841 3195 rerum
881 3147 1192 3197 naturalium
1232 3148 1397 3197 inter·

326 3233 503 3286 pretes
526 3223 818 3285 sophorum
841 3223 952 3271 sive
989 3224 1281 3286 sapientum
1305 3238 1396 3275 no·

323 3314 442 3348 men
468 3298 568 3347 sibi
592 3305 913 3361 arrogarent,
934 3306 1090 3364 atque
1113 3307 1173 3349 ut
1205 3300 1398 3350 cecinit

325 3375 487 3425 Ovio.
519 3374 656 3423 Met.
683 3386 778 3422 xv.
813 3373 1030 3424 ‘Mente
1068 3377 1207 3425 Deos
1246 3378 1397 3438 adiit,

326 3459 382 3500 et
404 3467 523 3516 quae
549 3461 737 3499 natura
759 3453 970 3514 negavit
986 3452 1201 3501 Visibus
1223 3454 1396 3504 huma-

325 3528 423 3584 nis,
455 3528 616 3576 oculis
648 3541 711 3575 ea
751 3527 977 3589 pectoris
1001 3526 1212 3580 hausit.'
1278 3529 1397 3579 Cla-

328 3607 456 3669 rnit,
494 3615 553 3655 ut
594 3613 774 3655 auctor
812 3615 896 3656 est
934 3608 1200 3671 Diogenes
1244 3608 1396 3659 Laer-

329 3684 454 3743 tius,
503 3683 717 3747 Olymp.
755 3696 846 3733 nx.
900 3683 1048 3732 annis
1106 3692 1226 3734 ante
1273 3686 1396 3736 Chr.

331 3763 449 3808 540.

394 3845 418 3870 ¹¹
452 3834 788 3899 Democritici]
827 3836 1150 3900 Philosophi,
1185 3852 1396 3900 quorum

330 3923 487 3976 capnt
515 3913 865 3962 Democritus.
930 3913 983 3962 Is
1018 3922 1194 3962 autem
1229 3914 1401 3977 patria

330 3988 615 4039 Abderites
655 3988 761 4036 risu
797 3988 1001 4038 solebat
1021 3989 1267 4038 humanos
1290 4005 1398 4038 om·

330 4081 421 4115 nes
454 4081 605 4115 casus
643 4067 906 4130 excipere.
990 4067 1164 4116 Sensit
1198 4074 1399 4118 atomos

332 4157 504 4191 rerum
532 4140 754 4191 omnium
788 4157 902 4192 esse
932 4143 1232 4208 primordia,
1247 4160 1400 4210 quam

333 4220 627 4282 opinionem
666 4218 962 4268 Gassendus
1001 4221 1097 4270 hac
1132 4228 1292 4271 aetate
1324 4223 1400 4270 in·

336 4295 685 4359 geniosissime
709 4295 1007 4346 illustravit.
1063 4298 1410 4349 Democritus

1480 2992 1793 3059 Plutarchus
1815 2992 1906 3041 lib.
1921 2992 1986 3041 de
2002 2991 2314 3042 curiositate
2334 2989 2552 3051 saisitum„

1479 3069 1683 3119 Gellius
1710 3074 1861 3118 x-lS.
1887 3084 2063 3118 verum
2086 3070 2365 3119 existimat.
2399 3069 2543 3118 AEta-

1479 3146 1549 3194 tis
1565 3160 1753 3194 annum
1773 3150 2018 3196 109.-cum
2030 3147 2312 3208 attigisset,
2334 3148 2442 3195 sine
2468 3147 2545 3194 ul-

1478 3222 1531 3271 lo
1567 3222 1757 3273 doloris
1796 3237 1947 3271 sensu
1982 3223 2090 3272 vita
2127 3221 2335 3273 functus
2359 3233 2460 3283 est,
2484 3231 2543 3272 ut

1479 3313 1547 3348 ex
1566 3299 1872 3363 Hipparcho
1896 3297 2057 3349 refert
2079 3299 2131 3348 in
2154 3299 2268 3362 ejus
2293 3300 2399 3349 vita
2421 3299 2543 3349 Dio-

1477 3391 1654 3440 genes.

1542 3459 1567 3486 v
1604 3452 1893 3508 Quibuscum
1925 3451 2017 3500 tibi
2050 3451 2187 3512 justo
2227 3453 2546 3517 sacramento]

1479 3529 1875 3581 Sacramentum
1914 3530 2125 3590 sponsio
2162 3527 2397 3591 quaedam
2444 3535 2548 3584 est,

1478 3615 1539 3654 ut
1562 3613 1710 3669 patet
1734 3619 1801 3654 ex
1824 3605 2061 3654 Varrone
2083 3604 2151 3654 de
2172 3605 2276 3653 LI..
2296 3606 2332 3653 l.
2355 3620 2438 3655 ιν.
2475 3607 2546 3655 Et

1477 3683 1564 3748 qui
1588 3682 1819 3746 petebat,
1838 3684 2023 3748 inquit,
2041 3690 2095 3733 et
2116 3683 2201 3749 qui
2220 3683 2547 3735 inficiabatur

1479 3760 1696 3824 aliquid,
1714 3760 1924 3824 utrique
1943 3761 2251 3825 quingentos
2270 3762 2384 3810 aeris
2404 3761 2548 3824 apud

1479 3836 1780 3900 pontificem
1822 3837 2178 3900 deponebant,
2210 3846 2298 3886 aut
2340 3845 2544 3886 certum

1476 3928 1747 3962 numerum
1771 3914 1977 3963 assium.
2045 3914 2148 3965 Qui
2170 3913 2371 3976 judicio
2408 3913 2547 3964 vice·-

1478 3997 1582 4047 rat,
1603 4002 1747 4038 snum
1770 3998 2168 4054 sacramentnm,
2191 3990 2289 4039 hoc
2324 3998 2422 4052 est,
2455 3990 2546 4040 de-

1481 4066 1677 4132 positos
1699 4081 1729 4115 a
1746 4080 1803 4114 se
1826 4081 2060 4115 nummos
2085 4064 2388 4131 auferebat3
2416 4069 2545 4118 victi

1481 4144 1705 4208 pecunia
1741 4143 1940 4193 redibat
1973 4143 2037 4191 ad
2072 4144 2308 4195 oerarinm
2348 4147 2400 4195 in
2438 4160 2543 4210 poe·

1485 4237 1599 4272 nam
1628 4220 1837 4284 injustae
1861 4220 2188 4284 litigationis.
