3020 4942
473 336 646 404 1248
1256 356 1329 402 M.
1380 357 1446 402 τ.
1492 354 1899 405 crcaaoms

471 500 888 582 gubernatur.
978 496 1201 583 Atque
1232 500 1299 562 in
1329 499 1415 564 iis
1444 501 1779 583 omnibu5‚
1812 520 1965 586 quae
1997 509 2150 567 sunt
2180 504 2524 578 actionis,⁷
2573 505 2676 568 in·

472 611 583 666 est
628 602 940 687 quaedam
979 601 1083 667 vis
1125 622 1167 665 a
1206 606 1451 679 natura,
1487 603 1691 667 data:
1737 623 1938 688 quare
1967 605 2165 669 etiam
2196 606 2323 671 hac
2354 608 2672 689 imperiti,

473 704 600 768 hac
650 706 906 787 vulgus»,
958 703 1088 770 hac
1139 705 1425 790 denique
1479 706 1744 771 barbari
1805 708 2098 771 maxime
2146 718 2669 773 commoventur.

473 806 706 873 Verba
749 809 925 872 enim
956 808 1285 872 neminem
1318 810 1779 900 movent,lnisi
1813 829 1993 885 eum,
2041 812 2161 893 qui
2204 811 2510 893 ejusdem
2546 813 2669 875 lin-

471 930 623 993 guae
674 910 1002 975 societate
1055 908 1454 993 conjunctus
1495 920 1641 985 est;
1686 912 2175 995 sententiaeque
2216 932 2405 995 saepe
2454 921 2668 979 acutae

468 1034 604 1080 non
631 1022 976 1079 acutorum
1005 1011 1343 1077 hominum
1398 1032 1643 1077 sensus
1682 1016 2192 1097 praetervolant:
2216 1015 2243 1052 ⁴
2287 1017 2488 1094 actio,
2518 1037 2667 1099 quae

471 1136 612 1201 prae
655 1137 729 1181 se
773 1124 1028 1181 motum
1075 1116 1279 1180 animi
1307 1115 1455 1192 sert,
1487 1134 1719 1179 omnes
1749 1126 2007 1180 movet:
2052 1118 2284 1181 iisdem
2320 1118 2498 1182 enim
2528 1138 2668 1183 om-

469 1220 649 1284 nium
690 1218 892 1282 animi
911 1216 936 1255 ⁸
985 1217 1273 1283 motibus
1302 1218 1739 1293 concitantur,
1774 1224 1841 1282 et
1868 1238 1987 1283 eos
2030 1218 2271 1284 iisdem
2299 1221 2481 1283 notis
2509 1225 2579 1283 et
2606 1222 2671 1283 in

470 1321 624 1386 aliis
654 1328 1054 1403 agnoscunt,
1084 1326 1152 1383 et
1180 1320 1246 1383 in
1276 1338 1349 1383 se
1378 1320 1514 1404 ipsi
1543 1319 1867 1385 indicant.
1960 1338 2085 1385 nx.
2128 1323 2282 1385 224.
2309 1320 2423 1386 Ad
2455 1322 2669 1387 actiae

467 1425 577 1488 nis
608 1430 832 1487 autem
868 1442 1058 1487 usum
1083 1429 1283 1507 atque
1310 1422 1599 1499 laudem,
1625 1424 1988 1488 maximam
2009 1424 2151 1488 sine
2169 1425 2378 1489 dubio
2411 1435 2675 1507 partem

470 1546 609 1591 vox
667 1526 964 1590 obtinet:
1028 1544 1180 1609 quae
1241 1525 1524 1609 primum
1586 1533 1692 1588 est
1744 1525 2045 1608 optanda
2102 1528 2346 1606 nobis;
2409 1525 2675 1601 deinde,

470 1647 911 1713 quaecumque
958 1629 1102 1704 erit,
1152 1647 1234 1693 ea
1281 1626 1545 1691 tuenda.
1637 1628 1746 1692 De
1793 1648 1930 1712 quo
1973 1628 2141 1693 illud
2173 1628 2323 1713 jam
2363 1629 2533 1692 nihil
2581 1629 2670 1692 ad

468 1732 599 1796 hoc
646 1731 1119 1815 praecipiendi¹
1166 1749 1391 1812 genus»,
1435 1731 1992 1814 quemadmodum
2047 1733 2200 1796 voci
2260 1732 2670 1797 serviaturzf

469 1835 785 1917 equidem
806 1853 1204 1916 magnopere
1225 1853 1467 1911 censeo
1483 1835 1897 1898 serviendum
1921 1856 1936 1896 ε
1972 1835 2090 1898 sed
2112 1833 2280 1898 illud
2302 1834 2562 1898 videtur
2579 1837 2664 1898 ab

468 1937 670 2021 hujus
700 1940 909 2002 nostri
940 1937 1268 2001 sermonis
1300 1935 1522 1999 officio
1560 1956 1689 2001 non
1732 1938 2109 2011 abhorrere,
2156 1937 2362 2021 quod,
2402 1945 2480 1999 ut
2518 1938 2667 1999 dixi

469 2040 678 2123 paulo
710 2048 880 2117 ante,
898 2040 1204 2124 plurimis
1234 2040 1305 2102 in
1337 2040 1540 2103 rebus
1565 2039 1747 2125 quod
1768 2040 2061 2104 maxime
2092 2048 2199 2103 est
2234 2039 2421 2116 utile,
2450 2039 2519 2101 id
2551 2059 2663 2102 ne-

469 2142 618 2205 scio
633 2161 769 2225 quo
789 2151 991 2225 pacto
1011 2141 1211 2205 etiam
1238 2141 1436 2205 decet
1456 2138 1768 2219 maxime.
1817 2142 1996 2205 Nam
2016 2141 2102 2205 ad
2119 2160 2343 2205 vocem
2366 2142 2671 2205 obtinen-

469 2243 623 2307 dam
651 2251 676 2279 ²
722 2245 889 2308 nihil
917 2251 1019 2307 est
1046 2244 1294 2319 utilius,
1344 2262 1547 2327 quam
1595 2245 1829 2308 crebra
1867 2245 2186 2307 mutatio:
2235 2244 2402 2307 nihil
2440 2245 2670 2327 perni-

469 2346 746 2423 ciosiuS,
796 2366 996 2430 quam
1046 2344 1261 2410 effusa
1309 2347 1455 2409 sine
1507 2346 2011 2410 intermissione
2060 2347 2420 2410 contentio.
2511 2346 2666 2410 225.

471 2449 707 2529 Quid?
754 2450 838 2515 ad
888 2469 1079 2514 aures
1122 2455 1412 2526 nostras»,
1459 2458 1530 2512 et
1569 2448 1853 2513 actionis
1892 2449 2309 2525 suavitatem,
2352 2446 2517 2533 quid
2564 2454 2669 2512 est

465 2553 949 2631 vicissitudine,
988 2561 1059 2615 et
1097 2553 1443 2629 varietate,
1489 2558 1557 2615 et
1598 2550 2114 2615 commutatione
2151 2551 2432 2634 aptius?
2523 2550 2666 2615 Ita·

468 2674 601 2739 que
627 2655 802 2718 idem
836 2653 1225 2719 Gracchus‘¹
1267 2653 1483 2738 (quod
1518 2662 1709 2736 potes
1741 2652 1996 2728 audire,
2026 2651 2281 2728 Catule,
2310 2672 2399 2715 ex
2429 2653 2665 2735 Eryci-

467 2766 596 2821 no³
643 2758 889 2821 cliente
934 2764 1073 2831 tuo,
1134 2756 1399 2819 literato
1450 2754 1739 2832 homine,
1799 2773 1995 2839 quem
2039 2768 2302 2819 servum
2354 2755 2481 2818 sibi
2544 2755 2660 2818 ille

466 2858 703 2924 habuit
741 2861 825 2923 ad
867 2857 1222 2938 manum,.1')
1264 2877 1411 2920 cum
1452 2858 1817 2922 eburneola
1859 2858 2099 2921 solitus
2140 2866 2242 2921 est
2270 2858 2521 2921 habere
2551 2858 2666 2920 fis-

468 2961 631 3038 tula,
695 2964 812 3046 qui
868 2968 1075 3027 staret
1124 2960 1386 3025 occulte
1433 2968 1590 3042 post
1635 2959 1880 3042 ipsum,
1925 2978 2078 3022 cum
2124 2960 2665 3035 concionaretur,

533 3152 559 3185 ¹⁸
594 3155 705 3202 Non
727 3154 1053 3215 concipiuntur
1075 3152 1134 3200 ab
1156 3152 1420 3200 hominibus
1439 3166 1532 3198 non
1552 3151 1723 3199 acutis.

528 3217 546 3250 ί
578 3218 724 3267 Nihil
744 3221 807 3266 ad
826 3235 910 3267 nos
928 3218 1136 3280 pertinet
1160 3219 1238 3265 hic
1259 3217 1385 3266 voci·
1407 3218 1741 3264 conservande
1759 3219 1996 3278 precepta
2018 3216 2220 3263 tradere.

521 3282 545 3323 1'
584 3283 767 3332 Habuit
787 3284 1005 3332 scribam.

1380 3393 1737 3414 OOOOOO‘OO‘OO

468 3508 634 3560 oren.
684 3512 820 3560 auris
842 3513 951 3561 Erl.
976 3517 1118 3561 1.-7
1153 3512 1313 3574 Atque
1337 3511 1386 3559 in
1408 3511 1478 3559 eis
1500 3542 1513 3556 .
1535 3543 1548 3557 .
1567 3541 1581 3556 .
1601 3513 1710 3558 sunt
1732 3506 1936 3556 actiones
1958 3506 2065 3555 Erl.
2088 3509 2137 3553 1.
2207 3504 2371 3553 Paulo
2409 3511 2551 3567 post,
2573 3505 2664 3554 hac

465 3578 639 3636 vulgae
660 3576 810 3625 deest
842 3580 891 3624 in
916 3580 1026 3627 Erl.
1050 3583 1089 3624 Ι.
1157 3578 1365 3631 Statim,
1386 3575 1585 3638 denique
1614 3575 1854 3622 omissum
1891 3583 1971 3620 est
2003 3571 2053 3619 in
2079 3568 2257 3620 Guelf.
2277 3573 2428 3619 2.—-8
2465 3570 2662 3626 Verba,

464 3656 624 3689 omnes
644 3647 824 3691 movet.-
858 3643 1025 3691 iisdem
1046 3657 1088 3690 e.
1111 3656 1154 3688 o.
1174 3642 1322 3690 animi
1346 3645 1529 3689 desont
1549 3640 1599 3687 in
1625 3640 1735 3688 Erl.
1758 3643 1802 3687 1.
1861 3637 2004 3693 Mox,
2025 3638 2078 3685 ia
2098 3642 2241 3685 semel
2264 3635 2356 3699 ipsi
2380 3634 2489 3683 Erl.
2505 3639 2555 3683 1.
2606 3635 2662 3683 ἐκ

465 3720 517 3755 oe
536 3706 654 3768 ipsis
675 3705 883 3757 Schut'z.
906 3717 959 3755 et
983 3706 1186 3755 Harlea.
1215 3708 1280 3754 de
1305 3707 1623 3772 conjectura.
1889 3715 1892 3718 ’
2627 3747 2634 3752 .

533 3772 672 3820 cn».
694 3786 783 3822 Lx.
857 3778 879 3821 1
919 3773 1026 3821 Erl.
1048 3777 1094 3821 1.
1115 3771 1389 3834 recipiendi.
1456 3770 1604 3831 Mox,
1623 3768 1834 3832 equidem
1857 3773 2012 3817 tamen
2033 3780 2312 3829 magnopere
2335 3765 2443 3813 Erl.
2463 3768 2509 3812 1.
2533 3764 2662 3811 Vet-

465 3849 550 3897 ap.
575 3837 755 3900 Steph.
781 3844 834 3885 et
857 3838 938 3886 ed.
961 3853 1001 3885 s.
1024 3837 1058 3883 1.
1080 3845 1133 3884 et
1156 3840 1301 3884 a.—2
1336 3835 1420 3884 Ita
1458 3836 1610 3885 codd.
1648 3834 1900 3896 plerique,
1932 3835 2088 3881 etiarn
2120 3845 2247 3878 nuno
2265 3831 2446 3878 Oxou.
2473 3828 2583 3878 Erl.
2607 3833 2658 3876 1.

466 3900 587 3949 edd.
612 3911 739 3950 vett.
763 3902 919 3951 Grut.
976 3904 1038 3949 ad
1064 3916 1214 3950 vocem
1239 3902 1290 3949 in
1313 3902 1508 3949 dicendo
1531 3899 1827 3949 obtinendum
1851 3898 1972 3947 Ald.
1996 3898 2146 3949 Junt.
2170 3895 2308 3944 Crat.
2331 3894 2535 3942 Manut.
2591 3894 2659 3940 ad

464 3980 619 4014 vocem
655 3968 706 4014 in
740 3968 935 4014 dicendo
970 3969 1188 4015 tuendam
1221 3967 1403 4015 Lamb.
1439 3966 1689 4028 probante
1714 3964 1997 4013 Poura—8
2035 3962 2118 4011 Ita
2155 3974 2285 4008 unns
2320 3958 2496 4008 Oxou.
2533 3957 2658 4005 edd.

466 4037 596 4081 vett.
625 4030 775 4081 Jnnt.
813 4033 960 4082 Crat.
1014 4046 1075 4080 ea·
1100 4032 1291 4080 Licinio
1316 4032 1497 4084 Eri-‚L
1519 4031 1603 4080 ed.
1626 4045 1669 4077 a.
1691 4031 1725 4078 l.
1748 4037 1803 4077 et
1824 4044 1869 4079 a.
1895 4042 2069 4091 margo
2090 4028 2235 4077 Crat.
2265 4025 2470 4074 Manat.
2497 4022 2660 4073 Grut-

1456 4157 1671 4210 NOTAE

585 4255 610 4288 ‘¹
648 4257 912 4321 Gracchus]
948 4261 1033 4309 De
1056 4260 1117 4309 C.
1142 4257 1367 4309 Gracchi
1401 4257 1576 4309 fistula
1602 4255 1983 4309 concionatoria
2004 4253 2120 4305 vide
2142 4251 2371 4304 Gellium
2397 4264 2438 4298 1.
2465 4254 2546 4299 11.
