3020 4942
726 973 727 976 γ
806 914 917 988 Μ.
991 869 1337 990 Τυιιίι
1430 917 2015 994 CICERONIS

642 1166 905 1256 DE
1100 1168 2176 1263 ORATORE

1160 1434 1455 1500 LIBER
1523 1436 1665 1501 111.

402 1990 451 2036 1.
499 1975 559 2040 1.
610 1963 1131 2050 Ius'rl'runn'rl
1165 1978 1353 2049 mihi,
1386 1977 1640 2057 Quinte
1674 1977 1896 2052 frater,
1943 1997 2092 2042 eum
2137 1995 2506 2041 sermonem

266 2095 273 2100 ·
308 2075 579 2155 referre,
617 2091 688 2143 et
727 2079 1039 2145 mandare
1084 2080 1241 2145 huic
1289 2083 1488 2146 tertio
1534 2082 1727 2155 libro,
1776 2101 1995 2165 quem,
2043 2085 2205 2164 post
2229 2078 2509 2154 Antonii

309 2178 861 2262 disputationem,
892 2183 1187 2249 Crassus
1231 2184 1609 2260 habuisset,
1644 2185 1886 2249 acerba
1922 2203 2084 2248 sane
2122 2181 2507 2247 recordatio

311 2288 602 2348 veterem
633 2286 834 2350 animi
865 2306 1091 2351 curam
1123 2288 1643 2373 molestiamque
1670 2287 2042 2352 renovavit·
2133 2284 2314 2349 Nam
2341 2283 2510 2348 illud

308 2384 805 2452 immortalitate
839 2388 1102 2470 dignum
1146 2390 1503 2470 ingenium,
1548 2389 1665 2454 illa
1693 2385 2090 2465 humanitaS,
2131 2387 2253 2451 illa
2292 2388 2507 2450 virtus

311 2487 391 2550 L.
441 2488 693 2566 Crassi,
756 2497 971 2555 morte
1020 2494 1325 2557 extincta
1374 2495 1597 2558 subita
1640 2500 1769 2566 est,
1812 2491 1928 2556 vix
1978 2488 2217 2556 diebus
2277 2489 2508 2553 decem

307 2597 466 2672 post
524 2612 675 2657 eum
716 2593 924 2668 diem,
975 2595 1092 2677 qui
1149 2594 1279 2659 hoc
1325 2601 1394 2660 et
1436 2596 1819 2679 superiore¹
1864 2595 2036 2658 libro
2087 2592 2510 2657 continetur.-

306 2692 372 2755 2.
417 2693 528 2777 [p.
582 2694 762 2776 143]
807 2695 905 2761 Ut
946 2697 1121 2760 enim
1168 2696 1457 2761 Romam
1506 2695 1701 2762 rediit
1743 2702 2039 2761 extremo
2092 2695 2508 2759 scenicorum

307 2795 659 2860 ludorum*
724 2799 859 2872 die,
918 2799 1343 2863 vehementer
1397 2807 1778 2863 commotus
1841 2817 1924 2861 ea
1981 2797 2305 2870 oratione,
2355 2815 2510 2879 quae

236 2960 243 2965 .
306 2897 637 2964 ferebatur
664 2901 895 2968 habita
925 2923 1072 2969 esse
1112 2904 1180 2967 in
1226 2904 1548 2968 concione
1592 2921 1633 2966 a
1667 2901 1987 2984 Philippo
2015 2897 2081 2979 3¹²
2124 2918 2320 2983 quem
2357 2898 2507 2961 dix-

306 3000 442 3065 isse
491 3004 866 3083 constabat,
906 3005 1260 3070 videndum
1297 3000 1431 3071 sibi
1477 3003 1664 3070 aliud
1702 3010 1900 3069 esse²
1946 3001 2352 3075 consilium,⁶
2393 2996 2509 3065 illo

302 3216 307 3219 ’
337 3221 395 3326 Ι·
433 3214 551 3325 0⁸⁸3>
579 3213 657 3262 die
692 3229 798 3277 qnoe
825 3214 1049 3264 disseruit
1086 3217 1145 3264 de
1174 3220 1281 3265 orte
1301 3215 1510 3265 oratoria
1532 3213 1835 3265 continentur
1853 3212 1906 3262 in
1928 3213 2013 3262 hoc
2035 3211 2179 3262 tertio
2200 3187 2247 3260 et
2269 3209 2510 3280 superiore

306 3292 336 3327 α
358 3280 678 3395 ιῖνὲὶιὶιοενὲἔόἰ
696 3342 970 3406 deligendos
987 3343 1259 3406 quibuscum
1280 3310 1425 3393 iniret
1444 3344 1544 3406 ipse
1564 3345 1725 3392 consul
1743 3341 1987 3392 consilium
2010 3344 2069 3392 de
2090 3357 2191 3406 rep.
2211 3343 2440 3407 gerenda.

1226 3488 1589 3508 “Omna“

374 3597 514 3647 CAP.
539 3609 579 3646 1.
647 3598 672 3643 1
710 3595 820 3644 Eri.
844 3598 891 3643 1.
911 3598 1015 3657 post
1037 3609 1161 3655 enm,
1182 3593 1262 3657 qni
1283 3607 1387 3642 eum
1404 3592 1545 3648 diem,
1564 3591 1646 3654 qui
1679 3592 1763 3640 hoc
1794 3597 1867 3641 est
1886 3593 2142 3657 superiore.
2208 3594 2353 3650 Mox,
2377 3595 2511 3643 ludo-

305 3678 414 3711 rum
434 3661 717 3711 scenicorum
741 3658 916 3709 Guelf.
939 3663 986 3708 1.
1013 3661 1122 3708 Eri.
1147 3664 1192 3707 1.
1226 3665 1280 3707 et
1309 3659 1486 3706 Lamb.
1553 3659 1706 3714 Tum,
1727 3657 1938 3707 oratione
1969 3674 2024 3707 ea
2056 3658 2107 3707 in
2143 3658 2324 3707 iisdem
2358 3658 2507 3710 codd.

307 3728 535 3783 Deinde,
545 3725 798 3786 ferebatur
830 3740 930 3774 esse
961 3724 1125 3774 habito
1155 3726 1229 3785 in,
1249 3727 1331 3788 asc.
1351 3724 1460 3773 Eri.
1481 3727 1627 3773 1.-2
1661 3721 1840 3773 Guelf.
1859 3727 1906 3773 1.
1934 3724 2040 3772 Eri.
2066 3728 2111 3772 1.
2133 3735 2185 3774 et
2209 3723 2386 3773 Lamb.
2408 3738 2514 3774 esse-

1300 3869 1521 3918 NOTAE

318 3998 327 4003 ·
372 3978 397 4006 ⁸
428 3969 731 4020 Scenieorum
751 3968 990 4033 ludorum]
1027 3965 1159 4015 Ludi
1184 3967 1368 4016 Roma·
1452 3965 1594 4014 Fam.
1618 3978 1718 4013 vu.
1743 3967 1791 4012 1.

308 4050 383 4112 ni,
419 4048 485 4097 de
515 4048 701 4112 quibus
742 4045 860 4096 vide
898 4053 1049 4094 notas
1086 4046 1138 4093 in
1171 4045 1206 4093 1.
1239 4057 1277 4092 ι.
1302 4041 1368 4092 de
1514 4041 1538 4075 b
1568 4042 1613 4091 A
1634 4039 1886 4104 Philippo]
1923 4041 2002 4089 De
2026 4040 2170 4102 gravi
2202 4041 2292 4091 illa
2312 4044 2508 4109 Philip.

308 4123 462 4174 Orat.
497 4125 630 4186 §24
671 4122 979 4171 dicebantur
999 4120 1208 4177 scenici,
1231 4118 1369 4184 qnod
1449 4133 1571 4184 pum
1612 4119 1873 4168 consulem
1908 4118 2046 4166 inter
2075 4124 2130 4166 et
2162 4118 2383 4169 Drusum
2419 4122 2509 4171 tri-

307 4204 360 4267 jn
402 4202 464 4250 iis
507 4200 799 4265 tragoediae,
834 4200 1120 4261 comoediae,
1143 4205 1198 4246 et
1227 4197 1367 4247 mimi
1449 4196 1641 4246 bunum
1665 4194 1841 4257 plebis.
1866 4196 2202 4251 contentione
2235 4198 2432 4262 egimus
2454 4199 2505 4253 in

309 4277 703 4341 exhiberentur,
726 4285 782 4331 ut
819 4283 966 4342 patet
1004 4291 1067 4324 ex
1104 4274 1270 4340 Epist.
1304 4273 1369 4322 ad
1450 4274 1584 4324 notis
1611 4272 1674 4322 ad
1701 4268 1732 4321 1'.
1757 4286 1796 4321 1.
1820 4271 1886 4321 de
1906 4270 2055 4321 Orat.
2079 4273 2105 4337 ᾧ
2128 4275 2209 4323 24.
