3020 4942
550 343 680 406 754
1317 355 1394 401 Μ.
1443 354 1512 401 ϊ.
1560 353 1960 411 cronnours

478 481 483 492 ¹
549 493 945 586 pertinuisse
973 505 1093 565 aut
1121 498 1468 583 pertinere.
1510 498 1739 583 Atque
1767 499 1834 562 in
1859 499 1989 563 hoc
2012 515 2244 579 genere
2262 507 2294 561 ἔ
2333 497 2461 561 hoc
2491 498 2732 564 accidit

547 604 731 680 novi,
777 603 961 686 quod
1002 598 1404 667 accusator¹²
1448 622 1717 687 quoque
1763 621 1949 684 saepe
1979 603 2076 676 ,ex
2123 600 2491 664 remotione
2516 601 2729 665 crimi-

546 707 889 770 nationem
952 704 1239 769 conficit.
1331 702 1452 781 Ut,
1507 705 1566 767 si
1617 705 1765 788 quis
1816 723 1967 767 eum
2022 707 2347 778 accuset,⁵
2392 704 2532 785 qni,
2582 713 2730 766 cum

544 817 801 891 praetor
831 815 1030 883 esset,
1062 808 1127 871 in
1157 808 1663 890 expeditionem
1686 806 1714 846 ⁶
1762 807 1847 870 ad
1881 826 2063 871 arma
2095 805 2415 888 populum
2450 806 2728 882 vocarit,-

547 927 697 989 cum
751 911 1058 1002 consules
1099 910 1462 976 adessent.⁷
1552 910 1733 975 Nam
1781 917 1854 975 ut
1895 899 2008 973 in⁸‘
2052 909 2384 991 superiore
2413 908 2728 989 exemplo

542 1033 693 1078 reus
721 1014 807 1077 ab
841 1032 964 1077 sno
996 1010 1220 1077 officio
1252 1020 1324 1077 et
1351 1032 1393 1077 a
1422 1031 1550 1077 sua
1579 1021 1920 1095 potestate
1940 1020 1970 1062 ⁹
2010 1010 2262 1074 facturn
2296 1010 2729 1090 demovebat3

547 1117 648 1181 sic
700 1115 771 1180 in
818 1113 1024 1179 hoc¹0
1068 1115 1155 1178 ab
1193 1113 1340 1196 ejus
1389 1113 1608 1179 officio
1654 1133 1736 1178 ac
1789 1119 2148 1196 potestate,
2195 1111 2308 1194 qui
2353 1117 2727 1189 accusatur,

538 1218 689 1301 ipse
718 1222 1073 1281 accusator
1103 1216 1355 1281 factum
1382 1216 1811 1293 removendo,
1840 1214 1970 1280 hac
1998 1217 2151 1298 ipsa
2191 1214 2449 1279 ratione
2491 1215 2730 1277 confir-

540 1328 681 1385 mat
722 1321 1283 1386 accusationem.¹¹
1369 1322 1480 1385 94.
1529 1321 1608 1385 In
1654 1319 1781 1384 hac
1832 1322 1920 1385 ab
1970 1325 2252 1403 utroque
2296 1337 2382 1382 ex
2424 1321 2727 1402 omnibus

540 1418 908 1488 honestatis
939 1427 1010 1486 et
1039 1422 1354 1487 utilitatis
1398 1424 1779 1506 partibus‚¹2
1824 1421 2172 1505 exemplis,
2202 1420 2429 1502 signiS,
2460 1405 2730 1486 ratioci-

537 1524 782 1601 nando,
833 1524 991 1608 quid
1046 1525 1373 1609 cujusque
1427 1525 1668 1601 officii,
1706 1525 1905 1610 juris,
1952 1524 2307 1607 potestatis
2354 1524 2463 1597 sit,
2515 1523 2730 1608 quaeri

541 1626 905 1709 oportebit,
957 1632 1023 1690 et
1070 1626 1355 1692 fueritne
1397 1627 1484 1704 ei,
1534 1644 1669 1710 quo
1711 1626 1796 1694 de
1823 1627 2121 1709 ‘agitur,¹³
2164 1626 2232 1691 id
2260 1624 2457 1709 juris,
2509 1626 2730 1705 officii,

537 1729 901 1814 potestatis
927 1735 984 1777 ¹4
1027 1730 1436 1806 attributum,
1486 1749 1720 1794 necne.
1808 1728 2028 1793 Locos
2070 1734 2293 1792 autem
2342 1747 2727 1818 communes

537 1849 626 1893 ex
657 1830 808 1914 ipsa
835 1850 928 1908 re,
961 1832 1021 1898 si
1067 1831 1228 1914 quid
1266 1831 1745 1914 indignationis
1792 1851 1873 1896 ac
1911 1830 2409 1914 conquestionis
2433 1836 2482 1916 ’ξ
2526 1829 2727 1895 habe-

539 1929 658 2009 bit,
690 1931 862 1994 sumi
894 1933 1249 2015 oportebit.

595 2112 627 2145 P
659 2105 721 2154 In
743 2097 1003 2156 remotione
1015 2107 1226 2157 criminis
1249 2108 1302 2157 in
1323 2124 1438 2158 rem.

1438 2226 1800 2248 &Oonmmo

536 2332 672 2396 qnod
699 2334 855 2384 etiam
881 2336 1164 2397 elegantius
1185 2334 1357 2386 foret?
1396 2334 1515 2384 Ern-
1519 2340 1615 2385 -4
1648 2333 1737 2385 ΑΙ.
1769 2350 1856 2384 nec
1875 2336 1937 2384 od
1951 2341 2048 2398 pot.
2052 2341 2146 2385 —5
2184 2335 2303 2385 Sch.
2324 2335 2477 2384 Voss.
2496 2339 2545 2384 2.
2565 2336 2609 2385 εἰ
2629 2335 2730 2399 qui.

536 2397 663 2448 Mox
692 2401 825 2463 vulg.
842 2407 1044 2449 accusat.
1112 2403 1237 2451 Ern.
1263 2418 1290 2448 e
1317 2401 1442 2450 Mss-
1454 2401 1591 2451 Ond.
1610 2408 1664 2449 et
1683 2401 1803 2449 edd.
1828 2414 1905 2465 pr.
1928 2401 2307 2457 deditam-curet,-
2340 2408 2394 2450 et
2420 2401 2495 2449 sic
2518 2401 2728 2451 Schutz.

534 2461 754 2515 Wetzel.
779 2474 832 2515 et
856 2466 1118 2517 orest—6
1152 2467 1198 2516 B
1228 2468 1333 2524 Lx,
1371 2467 1523 2516 Voss:
1550 2471 1591 2515 Ι.
1613 2471 1661 2517 2.
1698 2466 1844 2515 Leid.
1874 2470 1918 2515 l.
1944 2470 1991 2516 8.
2022 2467 2073 2514 in
2111 2466 2440 2529 expeditione:
2474 2470 2580 2516 ωΙ.
2603 2471 2651 2516 2.
2675 2468 2727 2517 in

533 2531 777 2580 seditione.
845 2532 1011 2581 Porro
1035 2532 1081 2580 B
1102 2534 1232 2582 etad
1265 2547 1434 2589 armen
1467 2541 1522 2580 et
1548 2532 1604 2580 M
1628 2547 1731 2595 pop.
1762 2531 1964 2580 vocnt-it.
1967 2536 2063 2580 -7
2096 2532 2213 2581 Scit.
2235 2532 2386 2580 Voss.
2409 2535 2456 2579 2.
2491 2537 2726 2581 essente—

532 2599 564 2643 8
599 2601 701 2644 ω2.
727 2596 857 2645 Nam
875 2597 1031 2646 sicut.-
1065 2606 1118 2646 et
1142 2598 1224 2646 ed.
1242 2597 1451 2647 omnib.
1472 2611 1576 2659 nup.
1596 2596 1824 2659 exemplo,
1850 2597 2036 2646 omissa
2063 2597 2444 2657 praepoaitione.
2446 2603 2544 2645 -9
2568 2597 2727 2656 ἿιιΙκ.

533 2659 620 2724 οβ’.
641 2667 812 2726 nepot.
880 2663 1004 2711 Ern.
1029 2676 1057 2710 e
1082 2663 1234 2712 Voss.
1257 2666 1304 2711 1.
1327 2661 1477 2711 Leid.
1502 2666 1554 2710 3.
1583 2661 1729 2711 dedit
1758 2676 1873 2709 cum
1909 2662 2115 2710 Schntz.
2138 2663 2355 2711 Wetzel.
2379 2667 2433 2710 et
2452 2661 2619 2711 Oreli.
2639 2658 2728 2725 οβ’

531 2730 853 2788 etasuapot.
923 2727 1186 2786 BLMae,
1209 2732 1315 2776 ω2.
1340 2726 1489 2776 Leid.
1515 2730 1560 2774 1.
1584 2727 1732 2775 Voss.
1751 2730 1799 2775 2.
1823 2724 1908 2789 οβ’.
1930 2732 2145 2804 eta-pot.
2213 2726 2362 2776 Leid.
2384 2730 2434 2776 2.
2453 2725 2540 2790 οβ’.
2562 2742 2727 2776 aesna

530 2806 563 2838 a
581 2796 678 2852 pot.
707 2806 804 2839 non
830 2793 1048 2856 improb.
1073 2791 1212 2841 Οιι(Ι.
1216 2796 1346 2840 -10
1379 2811 1415 2840 ω
1434 2796 1485 2839 2.
1505 2793 1577 2839 sic
1597 2796 1645 2841 et
1663 2792 1713 2839 in
1735 2792 1924 2840 11⁰0:ss
1943 2809 1979 2841 κ
1998 2791 2068 2839 sic
2089 2793 2141 2840 in
2161 2791 2264 2840 ltoc.
2265 2796 2390 2840 -lt
2430 2791 2579 2840 Leid.
2598 2796 2648 2840 2.
2669 2792 2726 2841 ab

531 2853 635 2917 ipsa
654 2861 748 2904 rut·
772 2859 851 2919 ὅτ.
917 2875 954 2906 ω
975 2861 1024 2905 2.
1050 2864 1104 2905 et
1130 2858 1275 2906 Voss.
1304 2861 1348 2906 l.
1373 2855 1498 2905 hac
1478 2871 1583 2917 ipsa
1613 2861 1705 2904 rat.
1725 2856 1998 2906 remotionis
2026 2858 2149 2916 cons.
2171 2872 2269 2907 occ.
2335 2874 2375 2904 ω
2400 2860 2445 2905 l.
2469 2857 2595 2905 hae
2577 2872 2728 2920 ipsam

532 2921 719 2968 ratione
742 2923 1082 2972 accusationem
1099 2923 1220 2980 cons
1223 2926 1352 2970 -12
1387 2920 1637 2973 Quaedam
1663 2921 1784 2969 edd.
1812 2929 1939 2970 vett·
1964 2932 2147 2971 carent
2176 2922 2432 2971 honestatis
2458 2927 2523 2970 et.
2593 2924 2726 2970 Con-

531 2990 615 3032 tra
637 2985 683 3033 B
715 2986 753 3033 L
777 2987 833 3035 M
855 2987 919 3035 W
940 2991 968 3035 θ
987 3003 1033 3048 κ,
1053 3004 1090 3034 ω
1114 2992 1159 3037 1.
1180 2991 1229 3035 2.
1254 2994 1308 3034 et
1332 2999 1506 3034 omnes
1530 2986 1659 3034 Mas.
1686 2984 1827 3035 Ond.
1860 2994 2146 3047 ostentant,
2171 3001 2232 3035 ex
2261 2986 2474 3035 erunibus
2508 2984 2728 3049 partibus

533 3049 808 3105 honentatis,
830 3056 963 3100 etex
997 3050 1207 3100 omnibm
1237 3052 1457 3114 portibus
1493 3051 1742 3106 utilitatis,
1779 3052 1860 3101 vel
1892 3053 2002 3101 atil.
2041 3058 2168 3116 part.
2209 3051 2303 3100 nisi
2329 3053 2463 3115 quod
2501 3054 2726 3113 repetita

538 3116 839 3176 praepositio
877 3115 1017 3165 desit
1057 3116 1207 3164 Voss.
1235 3121 1282 3165 1.
1302 3121 1350 3165 2.
1387 3116 1532 3166 Leid.
1555 3118 1604 3164 3.
1670 3116 1836 3165 ‘Mihi
1875 3117 2081 3165 videtur
2118 3117 2384 3180 ocripsisse
2417 3118 2623 3173 Cicero,
2664 3132 2727 3165 ex

532 3194 657 3227 omn.
696 3180 825 3237 hon„
860 3196 922 3230 ex
958 3196 1081 3233 omn.
1110 3184 1216 3230 utic.
1253 3184 1396 3243 port-⁹
1430 3181 1699 3231 Oude-la
1732 3181 1846 3231 Ino
1873 3182 2108 3231 eideest.
2170 3182 2299 3231 Tntn
2325 3182 2447 3235 Scit.
2471 3187 2728 3242 agetur.—

534 3247 595 3293 14
632 3244 775 3295 Leid.
798 3249 846 3294 2.
870 3244 1081 3309 idjnris,
1117 3262 1172 3296 nc
1187 3246 1441 3311 potestatis
1463 3251 1513 3296 et
1533 3247 1822 3312 officii.--15
1866 3248 1920 3303 L,
1948 3248 2070 3298 Sch.
2090 3246 2243 3297 Voss.
2268 3251 2313 3297 1.
2347 3243 2449 3296 ind.
2468 3252 2554 3296 aut
2591 3262 2726 3309 ωηο.

1502 3462 1503 3467 1
1529 3383 1742 3435 No'rAE

534 3502 777 3554 erratum,
800 3498 939 3562 qnod
976 3497 1041 3548 ad
1080 3478 1436 3563 purgationem
1472 3512 1589 3561 per·
1672 3504 1882 3548 accuset
1906 3506 2182 3559 praetorem
2208 3497 2343 3560 qnod
2378 3495 2727 3561 praesentibus

533 3573 687 3635 tinet,
710 3589 826 3638 quae
851 3576 1056 3637 culpam
1075 3583 1310 3625 removet
1328 3589 1390 3625 nc
1411 3575 1588 3625 volun·
1669 3575 1968 3624 conantibus
1994 3576 2237 3639 populum
2262 3574 2325 3623 ad
2346 3589 2488 3624 arma
2513 3588 2725 3622 vocave-

532 3656 696 3699 tntem
732 3649 989 3701 defendit.
1669 3653 1756 3700 rit.
1775 3650 2089 3701 Adolescens
2107 3651 2404 3701 tuebitnrse
2423 3651 2727 3699 remotione.

595 3726 620 3760 ¹²
655 3728 794 3784 Quod
809 3734 1071 3787 accusator,
1096 3728 1202 3793 θοὴ]
1229 3728 1363 3779 Haec
1387 3733 1469 3776 est
1491 3726 1587 3774 hu·
1671 3730 1861 3793 Neque
1890 3744 2056 3779 meum
2086 3728 2187 3778 fnit
2209 3726 2433 3803 officium
2455 3725 2622 3776 foedno
2646 3726 2724 3775 fa·

524 3803 612 3867 jus
645 3806 744 3854 loci
769 3809 1064 3855 sententia:
1101 3806 1163 3854 Id
1185 3802 1476 3853 remotionis
1497 3815 1585 3873 ge·
1669 3820 1810 3865 cere,
1845 3820 2014 3868 neque
2057 3805 2313 3866 integrum
2344 3811 2455 3852 erat
2482 3803 2726 3866 jubentis

532 3894 648 3941 uns,
684 3896 785 3945 qno
824 3896 940 3930 reus
974 3883 1158 3942 utitur,
1182 3889 1351 3945 potest
1378 3892 1589 3928 accusa·
1671 3883 1813 3931 ducis
1854 3882 2123 3944 imperium
2158 3880 2474 3930 detrectare.
2539 3879 2726 3944 Actor,

532 3963 618 4006 tor
642 3957 751 4020 ipse
778 3958 1055 4007 adhibere:
1083 3973 1164 4007 res
1189 3956 1442 4020 exemplis
1463 3954 1590 4002 duo·
1670 3959 1757 4022 qui
1785 3966 2058 4021 praetorem
2083 3956 2365 4019 accusabit,
2387 3953 2569 4005 afferet
2592 3958 2727 4006 simi·

531 4034 629 4083 bns
667 4035 898 4095 patebit:
939 4038 1157 4099 primum
1192 4036 1282 4097 sit,
1319 4033 1452 4096 qnod
1477 4032 1590 4095 jam
1674 4037 1796 4084 liter
1831 4034 2182 4083 remotionem.
2256 4033 2370 4082 Nee
2397 4033 2471 4082 tui
2499 4032 2599 4083 fuit
2619 4033 2725 4087 offi'·

533 4111 790 4173 prolatum
811 4121 909 4171 est,
928 4113 1265 4162 adolescentis
1283 4111 1416 4160 illins
1433 4110 1517 4173 qui
1539 4109 1591 4156 in
1674 4113 1759 4170 cii,
1804 4125 1902 4160 nec
1948 4111 2020 4160 tui
2068 4110 2225 4173 juris,
2293 4124 2408 4159 cum
2477 4111 2746 4173 adessent*

533 4183 730 4234 foedere
757 4191 893 4247 turpi
930 4187 1161 4238 feriendo
1188 4203 1389 4252 porcam
1415 4190 1588 4238 tenuit
1667 4188 1924 4250 consules,
1962 4187 2027 4236 ad
2067 4201 2209 4237 arma
2253 4187 2495 4251 populum
2536 4202 2718 4236 convo-

526 4262 678 4324 jnssn
711 4263 1073 4327 imperatorin
1112 4266 1328 4314 alterum
1364 4266 1472 4328 ejus
1496 4268 1584 4331 qui
1665 4279 1802 4317 care.
