3020 4942
492 349 666 418 1132
1247 366 1324 411 M.
1373 366 1439 413 τ.
1490 364 1901 414 cronnoms

489 509 708 587 isse‚'²
754 511 840 575 ab
874 529 956 574 eo
991 509 1238 574 dictam
1266 532 1281 572 ε
1327 516 1393 574 et
1420 503 1701 575 eundem
1736 511 1836 588 (id
1874 509 2055 595 quod
2085 509 2151 575 in
2181 511 2689 577 auctoritatibus

490 614 908 696 praescriptis
954 610 1184 695 extat)
1237 614 1585 678 scribendo
1643 612 1964 680 affuisse!
2046 615 2112 678 6.
2176 614 2310 679 Illa
2372 619 2695 696 tanquam

491 723 746 803 cycnea
797 717 922 782 fuit
969 716 1180 780 divini
1230 716 1525 781 hominis
1567 714 1748 783 voxf
1792 725 1858 782 et
1910 719 2147 793 oratio,
2196 725 2446 801 quam3
2496 718 2697 799 quasi

489 826 1001 905 expectanteS,’⁸
1042 825 1200 902 post
1238 820 1385 904 ejus
1426 822 1763 886 interitum
1810 823 2244 886 veniebamus
2297 823 2366 883 in
2408 821 2690 893 curiam,

488 930 558 996 ut
589 924 942 1005 vestigium
973 922 1139 987 illud
1164 923 1415 1007 ipsum,
1441 924 1510 987 in
1541 944 1674 1009 quo
1700 924 1809 987 ille
1842 930 2249 1007 postremum
2282 923 2693 997 institisset,¹·

484 1035 966 1098 contueremur.
1057 1025 1369 1110 Namque
1399 1036 1539 1091 tum
1578 1028 1761 1091 latus
1807 1028 1869 1092 ei
1906 1026 2158 1091 dicenti
2204 1025 2695 1103 condoluisse,4

485 1130 925 1212 sudoremque
948 1128 1230 1193 multum
1259 1136 1701 1195 consecutum
1730 1150 1883 1194 esse
1907 1130 2391 1194 audiebamus:
2437 1148 2525 1192 ex
2553 1148 2692 1212 quo

486 1252 639 1300 cum
670 1230 1137 1306 cohorruisset,
1170 1251 1324 1296 cum
1357 1231 1527 1297 febri
1570 1234 1837 1300 domum
1869 1232 2085 1309 rediit,
2131 1233 2372 1315 dieque
2407 1232 2696 1322 septimo

483 1335 713 1401 lateris
765 1333 1034 1398 doloress
1077 1340 1466 1399 consumtus
1525 1343 1649 1401 est.
1735 1338 1799 1400 7.
1859 1334 1920 1400 Ο
1981 1335 2294 1400 fallacem
2346 1335 2696 1398 hominum

484 1457 695 1520 spem,
743 1437 1180 1520 fragilemque
1223 1438 1583 1516 fortunam,
1628 1446 1699 1503 et
1739 1440 1975 1502 inanes
2013 1446 2281 1501 nostras
2314 1436 2696 1501 contentio-

483 1542 688 1607 nes!⁵
736 1561 890 1623 quae
921 1541 990 1604 in
1019 1540 1241 1605 medio
1275 1543 1501 1625 spatio
1527 1553 1550 1579 ⁰
1594 1561 1777 1624 saepe
1807 1542 2217 1623 franguntur,
2251 1546 2319 1604 et
2349 1546 2694 1615 corruunt,

484 1652 553 1712 et
582 1648 756 1720 ante,
787 1642 1032 1726 inipso
1064 1663 1288 1720 cursu,
1321 1645 1712 1721 obruuntur,
1746 1662 1946 1726 quam
1981 1651 2246 1725 portum
2292 1642 2696 1725 conspicere

482 1753 855 1831 potuerunt.
946 1746 1151 1830 Nam,
1199 1747 1523 1829 quamdiu
1579 1746 1813 1811 Crassi
1853 1747 1981 1810 fuit
2036 1745 2419 1809 ambitionis
2466 1744 2698 1809 labore

481 1851 622 1918 vita
652 1848 1004 1926 districta!
1032 1849 1285 1913 tamdiu
1311 1850 1593 1931 privatis
1625 1850 1838 1931 magis
1871 1847 2111 1914 officiis
2141 1855 2204 1911 et
2233 1847 2478 1929 ingenii
2496 1848 2694 1912 laude

483 1952 735 2027 floruit,
764 1970 966 2034 quam
995 1951 1216 2016 fructu
1249 1952 1732 2034 amplitudinis,
1759 1960 1881 2016 aut
1905 1952 2294 2034 reipublicae
2320 1946 2698 2032 dignitate-⁹

546 2154 563 2187 ²
597 2156 855 2205 Constabat
879 2156 1117 2214 Crassum,
1148 2162 1204 2205 ut
1224 2161 1359 2219 patet
1377 2172 1441 2205 ex
1460 2157 1633 2206 edictis
1653 2175 1683 2207 a
1704 2145 2066 2215 senatasactis,
2098 2172 2262 2205 nomen
2284 2171 2422 2205 snum
2441 2172 2552 2206 cam
2573 2161 2692 2206 cete-

481 2236 642 2270 rorum
661 2227 931 2270 senatorum
953 2221 1220 2271 nominibus
1241 2222 1292 2269 in
1315 2227 1529 2272 extrema
1547 2230 1688 2286 parte
1709 2224 1840 2273 illius
1860 2223 2107 2273 sententia
2128 2222 2390 2284 scripsisse.

543 2294 582 2318 ”⁸
615 2286 757 2334 Illam
782 2287 953 2334 iterum
973 2288 1209 2335 audituri.

544 2359 574 2383 ¹·
607 2351 733 2400 Eum
754 2353 903 2399 locum
923 2352 974 2399 in
991 2366 1080 2415 quo
1095 2358 1388 2416 postremum
1405 2352 1616 2402 stetisset
1643 2353 1782 2402 verba
1792 2354 2023 2411 facturus
2044 2353 2095 2401 in
2114 2327 2298 2400 senatu.

544 2423 566 2448 ⁰
602 2417 775 2466 Cursu.
1162 2425 1192 2459 P
1232 2418 1479 2480 Occupata
1501 2419 1756 2467 honoribus
1778 2418 2058 2467 ambiendis.

470 2545 510 2606 f
543 2490 566 2522 ‘1
597 2481 859 2594 §plenam-e
891 2483 974 2532 illo
1009 2486 1057 2531 et
1090 2485 1398 2544 auctoritate,
1430 2499 1572 2548 quam
1592 2484 1805 2535 obtinent
1827 2484 2039 2534 homines
2073 2484 2269 2533 summis
2288 2483 2549 2534 honoribus
2582 2495 2691 2546 per-

507 2561 595 2596 unc
620 2564 655 2596 z.

1403 2640 1549 2662 ‘OOC'
1555 2640 1761 2662 OOOGOOO

480 2759 607 2803 vent
639 2750 819 2801 Guelf.
841 2756 890 2800 1.
909 2757 959 2803 2.
985 2756 1034 2800 3.
1070 2760 1125 2800 et
1149 2753 1259 2801 Erl.
1284 2756 1332 2800 l.
1373 2758 1427 2799 et
1463 2750 1617 2798 unice
1637 2764 1818 2799 uerum
1852 2750 2053 2800 censuit
2090 2751 2406 2801 Schntz.—2
2440 2751 2622 2802 Guelf.
2644 2758 2692 2803 2.

477 2833 717 2880 nunquam
733 2817 980 2866 consilium
1001 2817 1118 2880 reip.
1148 2815 1393 2880 necfidem
1413 2815 1639 2877 defuisse.
1706 2817 1852 2871 Mox,
1877 2831 1970 2878 pro
1991 2817 2300 2877 proscriptis,
2321 2817 2461 2880 qnod
2487 2833 2555 2866 ex
2573 2819 2693 2869 edd.

477 2892 610 2932 vett.
636 2882 782 2932 dedit
806 2882 1031 2945 Ernesti,
1047 2882 1322 2945 perscriptis
1343 2880 1541 2930 habent
1558 2880 1736 2931 Guelf.
1759 2885 1805 2928 1.
1823 2886 1871 2930 2.
1891 2887 1940 2931 3.
1963 2881 2084 2930 Ald.
2101 2881 2247 2932 Junt.
2266 2883 2444 2931 Lamb.
2467 2883 2691 2932 Grai.—

479 2951 508 2999 3
544 2947 631 2999 lta
653 2948 807 2997 codd.
829 2949 954 2997 item
977 2947 1126 3000 Junt.
1155 2945 1331 2995 hamb.
1349 2946 1506 2996 Grnt.
1532 2960 1667 3008 quem
1688 2946 1897 2995 Schntz.
1926 2953 1983 2995 et
2004 2946 2212 2996 Harles.
2258 2947 2532 3004 Actutum,
2560 2949 2689 2998 Ges-

479 3026 592 3075 ner.
611 3013 745 3076 conj.
768 3014 906 3076 quasi
927 3016 1244 3076 exceptantes,
1265 3012 1415 3073 prob.
1430 3010 1594 3060 Kidd.
1622 3011 1671 3058 in
1703 3011 1912 3060 Dawes.
1938 3012 2092 3060 Misc.
2111 3013 2240 3061 Crit.
2260 3027 2310 3074 p.
2330 3016 2408 3062 14.
2431 3013 2447 3039 ‘
2468 3014 2576 3062 Sed
2596 3015 2690 3062 hoc

477 3093 631 3126 sensu
662 3079 1057 3127 ciceronianum
1094 3091 1195 3125 non
1222 3086 1322 3130 est.
1351 3091 1412 3126 ac
1436 3077 1522 3124 vix
1563 3075 1834 3125 Latinum:
1870 3078 2119 3126 Orela—4
2156 3078 2377 3139 Namque
2411 3079 2527 3126 dnm
2565 3079 2693 3126 latas

456 3138 578 3202 'eins
610 3144 833 3192 doluisset
874 3141 1054 3191 Guelf.
1087 3146 1132 3190 1.
1171 3149 1223 3190 et
1255 3141 1404 3190 Harl.
1446 3145 1493 3190 1.
1550 3141 1717 3191 Paulo
1743 3150 1880 3205 post,
1911 3148 1985 3199 est
2021 3142 2185 3190 lateris
2212 3144 2369 3191 dolore
2390 3150 2693 3205 consumptas

478 3207 656 3259 Guelf.
677 3212 726 3258 2.
750 3211 800 3256 3.
842 3209 1038 3256 Victor.
1062 3206 1209 3257 Jnnt.
1234 3207 1376 3255 Crat.
1400 3207 1548 3254 Man.
1573 3207 1723 3255 Mun.
1742 3207 1910 3256 orell.
1948 3207 2115 3256 lateris
2135 3212 2206 3255 est
2230 3208 2389 3257 dolore
2419 3216 2693 3258 consumtus

478 3275 615 3336 conj.
633 3275 937 3323 Schultz—5
964 3273 1173 3338 Ernesti
1189 3272 1324 3334 conj.
1342 3270 1674 3333 cogitationes.
1723 3272 1874 3336 Mox,
1896 3272 2120 3321 mediocri
2133 3272 2184 3320 in
2197 3272 2347 3334 spatio
2372 3274 2483 3324 Erl.
2509 3278 2558 3323 1.
2608 3278 2693 3324 ant

1394 3402 1402 3409 '
1474 3415 1691 3466 NOTAE

539 3511 560 3546 ί
591 3514 781 3576 Cycnea
815 3544 828 3558 .
860 3542 874 3558 .
901 3543 916 3560 .
951 3507 1069 3570 vox]
1111 3506 1450 3556 Proverbium
1485 3505 1540 3554 in
1621 3514 1830 3555 nentem
1855 3506 2143 3556 erudivimus
2175 3509 2391 3570 nnllam,
2412 3510 2503 3575 qni
2539 3513 2695 3562 mori.

475 3604 562 3643 eos
591 3588 815 3652 quadrat
843 3586 929 3650 qni
967 3585 1066 3634 sub
1094 3584 1216 3632 vitae
1243 3582 1398 3632 finem
1433 3583 1540 3630 elo·
1622 3591 1766 3632 entes
1801 3583 2057 3634 audivisse
2092 3600 2149 3633 se
2187 3585 2410 3648 diceret,
2432 3590 2691 3639 neminem

472 3650 693 3731 quenter
711 3663 991 3711 disserunt.
1036 3661 1299 3715 Socrates,
1317 3660 1368 3709 in
1389 3659 1541 3708 Phae·
1620 3659 1944 3713 invenimus:
2004 3668 2061 3708 ut
2118 3675 2237 3709 vera
2290 3663 2356 3710 sit
2405 3663 2694 3715 Alexandri

474 3746 609 3792 done
650 3738 896 3793 Platonis,
920 3737 1100 3801 cycnis
1130 3736 1361 3799 proxime
1386 3735 1540 3783 mori·
1620 3735 1827 3799 Myndii
1857 3737 1994 3798 apud
2021 3735 2354 3800 Athenaeum,
2376 3739 2561 3803 Plinii,
2590 3742 2691 3789 Lu·

477 3820 603 3870 turis
627 3814 891 3868 divinandi
917 3813 1222 3863 facultatem
1248 3821 1302 3864 et
1326 3819 1537 3861 cantum
1621 3811 1773 3867 ciani,
1798 3820 1853 3861 et
1871 3812 1925 3863 J.
1948 3812 2008 3862 C.
2024 3813 2271 3876 Scaligeri
2298 3818 2582 3874 sententia,
2602 3818 2692 3882 qni

473 3897 831 3948 suavissimum
872 3894 1091 3952 tribuit;
1130 3892 1196 3940 de
1233 3899 1393 3940 cantu
1417 3904 1540 3939 con·
1620 3889 1766 3950 cycni
1792 3897 1999 3937 cantum
2024 3890 2434 3939 commentitium
2461 3902 2670 3954 putant.

473 3976 704 4025 sentiunt
728 3971 1039 4021 Aristoteles
1075 3969 1124 4016 in
1157 3968 1390 4016 Historia
1412 3964 1540 4014 Ani·
1621 3987 1629 3993 ·
1683 3971 1710 4006 ἔ
1740 3964 1935 4014 Lateris
1949 3966 2130 4030 dolore]
2155 3967 2694 4030 Πλευρῒτινειρρεηιῃι

471 4049 898 4111 malium,aliique
913 4042 1542 4108 philosophi‚quossecuti
1622 4040 1796 4091 Graeci
1856 4040 2312 4117 inflammationem
2373 4045 2694 4096 membrana

474 4137 596 4179 stunt
628 4123 951 4176 celeberrimi
988 4120 1157 4184 po'etae
1188 4126 1244 4168 et
1277 4118 1451 4169 Graeci
1484 4125 1542 4168 et
1623 4132 1737 4181 quoe
1772 4125 1944 4168 costas
1980 4119 2249 4180 succingit,
2273 4127 2442 4169 ortam
2478 4135 2547 4174 ex
2570 4137 2695 4175 con..

472 4203 666 4254 Latini.
724 4200 965 4250 Fabnlael
1002 4204 1277 4245 sexcentos
1300 4195 1543 4253 vidimus,
1624 4195 1879 4246 tentione.

476 4288 532 4330 et
566 4280 618 4328 in
644 4277 704 4327 iis
732 4277 929 4340 aliquos
951 4273 1104 4322 morti
1132 4271 1425 4336 proximos;
1459 4285 1542 4321 ca-
