3020 4942
526 341 656 408 738
1300 347 1378 404 Μ.
1425 355 1492 404 Τ.
1540 352 1948 408 closum-{is

528 501 845 585 cognosci
870 509 920 549 ¹⁵
964 498 1317 583 oportebit.
1407 495 1547 560 His
1568 516 1721 578 ergo
1740 516 1830 561 ex
1853 496 2158 579 partibus
2170 495 2369 579 juriS,
2389 496 2714 580 quicquid

525 603 706 670 aut¹⁶
738 625 828 670 ex
849 606 1004 690 ipsa
1025 623 1118 680 re,
1136 610 1256 667 aut
1275 621 1358 665 ex
1387 600 1607 675 simili,
1632 607 1752 663 aut
1768 619 1854 662 ex
1876 597 2123 682 majore
2137 600 2537 688 minoreve¹⁷
2561 609 2712 666 nas·-

529 710 594 774 ci
613 709 967 785 videbitur,
998 703 1418 783 attendere,¹⁸
1442 712 1648 787 atque
1674 702 1908 767 elicere
1934 710 1984 753 ¹⁹
2011 703 2451 786 pertentando
2483 723 2713 768 unam-

527 825 866 896 quamque
898 816 1157 895 partem
1194 808 1367 891 juris
1397 806 1817 891 oportebit.²0
1903 801 2242 870 Locorum
2275 813 2498 870 autem
2533 826 2712 871 com-

526 914 850 991 munium,
897 914 1213 998 quoniam
1259 915 1363 990 (ut
1415 916 1564 975 ante
1612 910 1862 973 dictum
1906 912 2036 987 est)
2079 909 2214 973 duo
2244 915 2396 973 sunt
2438 929 2714 991 genera,

525 1034 809 1100 quorum
841 1016 1125 1082 alterum
1157 1015 1378 1080 dubiae
1408 1015 1531 1092 rei,
1562 1013 1837 1077 alterum
1869 1019 2067 1077 eertae
2100 1013 2395 1077 continet
2422 1013 2714 1096 amplifi-

526 1120 886 1196 cationem,
915 1119 1081 1204 quid
1131 1119 1282 1203 ipsa
1323 1136 1532 1182 causa
1561 1117 1691 1190 det,
1723 1121 1789 1180 et
1818 1113 1981 1200 quid
2015 1116 2242 1198 augeri
2272 1135 2389 1198 per
2418 1135 2713 1208 commu-

523 1243 671 1286 nem
698 1223 926 1287 locum
966 1221 1187 1305 possit
1214 1229 1284 1284 et
1314 1224 1641 1303 oporteat,
1673 1219 2222 1285 considerabitur.
2315 1220 2496 1285 Nam
2529 1222 2714 1298 certi,

518 1326 739 1409 quiin
769 1336 998 1390 omnes
1024 1333 1043 1361 ¹
1089 1324 1409 1398 incidant,
1462 1324 1623 1400 loci,
1654 1324 2052 1406 praescribi²
2096 1342 2234 1386 non
2279 1328 2600 1405 possunt:
2645 1324 2715 1386 in

519 1427 855 1511 plerisque
880 1426 1164 1491 fortasse
1195 1426 1282 1490 ab
1306 1426 1699 1490 auctoritate
1723 1432 1744 1471 ³
1768 1425 2430 1507 jurisconsultorum,
2459 1429 2524 1489 et
2554 1444 2714 1489 eon-

522 1536 622 1593 tra
652 1530 1113 1594 auctoritatem
1142 1529 1279 1594 dici
1299 1534 1331 1576 4
1373 1527 1729 1611 oportebit.
1819 1526 2324 1592 Attendendum
2353 1535 2457 1591 est
2485 1529 2714 1591 autem

524 1635 589 1694 et
632 1630 701 1698 in·
744 1631 922 1710 hac,⁵
965 1638 1035 1696 et
1078 1632 1148 1694 in
1191 1631 1527 1707 omnibus,
1584 1649 1743 1693 num
1788 1650 1962 1713 quos
2002 1628 2251 1695 locos⁶
2294 1650 2713 1707 communeS,

521 1741 768 1815 praeter
823 1754 940 1799 eos
984 1752 1157 1817 quos
1201 1734 1697 1817 exposuimus,⁷
1742 1733 1896 1816 ipsa
1938 1754 2047 1798 res
2094 1734 2421 1799 ostendat.
2513 1734 2716 1799 Nune

515 1838 900 1921 juridiciale
929 1857 1136 1919 genus
1170 1845 1234 1901 et
1264 1844 1488 1920 partes
1521 1836 1671 1920 ejus
1703 1835 2252 1902 consideremus.⁸

614 1955 856 2016 xxln.
903 1938 1010 2003 69.
1055 1937 1473 2003 Juridicialis
1513 1948 1646 2016 est,
1689 1939 1758 2002 in
1790 1958 1926 2024 qua
1955 1942 2136 2023 aequi
2178 1945 2246 2004 et
2270 1939 2489 2024 iniqui
2520 1947 2715 2005 natu·
2815 1961 2820 1964 ’

521 2062 620 2120 ra,
681 2049 754 2105 et
810 2039 1074 2124 praemii
1121 2050 1240 2106 aut
1283 2061 1504 2125 poenae
1567 2043 1740 2107 ratio
1786 2044 2127 2127 quaeritur.
2217 2042 2444 2126 Hujus
2488 2050 2713 2126 partes

523 2150 674 2209 sunt
701 2141 875 2221 duae,
909 2163 1191 2228 quarum
1222 2144 1503 2209 alteram
1531 2144 1938 2223 absolutam,
1969 2147 2402 2211 assumtivam
2434 2145 2715 2210 alteram

519 2248 960 2311 nominamus.
1047 2245 1387 2311 Absoluta
1427 2252 1552 2324 est,
1597 2255 1753 2331 quae‘
1799 2248 1951 2333 ipsa
1989 2248 2060 2311 in
2109 2267 2209 2325 se,
2261 2268 2395 2312 non
2435 2255 2511 2312 ut
2557 2267 2711 2330 neg·

522 2349 744 2415 otialis
786 2350 1105 2433 implicite
1152 2355 1218 2414 et
1259 2348 1680 2428 abscondite,
1721 2350 1839 2413 sed
1879 2350 2268 2433 patentius⁹
2312 2356 2379 2414 et
2427 2350 2715 2433 expedi·

523 2454 657 2520 tius
679 2465 701 2494 ⁰
754 2455 916 2520 recti
950 2460 1016 2520 et
1043 2471 1174 2518 non
1202 2454 1366 2518 recti
1406 2453 1848 2536 quaestionem
1882 2454 2202 2520 continet.
2245 2456 2353 2538 [p.
2379 2451 2522 2534 71.]
2609 2453 2714 2519 Ea

521 2566 626 2622 est
653 2557 1079 2640 hujusmodi:
1127 2555 1297 2620 Cum
1326 2554 1637 2620 Thebani
1670 2555 2227 2645 Lacedaemonios
2253 2553 2350 2594 ¹0¹‘
2396 2556 2573 2619 bello
2603 2577 2711 2620 su·

520 2656 958 2744 peravissent,
988 2664 1056 2723 et
1081 2659 1214 2723 fere
1243 2677 1389 2721 mos
1432 2664 1614 2721 esset
1650 2657 1926 2736 Graiis!
1969 2678 2121 2722 cum
2162 2660 2332 2723 inter
2362 2678 2435 2722 se
2463 2659 2711 2723 bellum

518 2763 904 2846 gessissent,
931 2768 1010 2825 ut
1034 2762 1104 2839 ii,
1133 2761 1249 2845 qni
1280 2759 1631 2838 vicissent,
1664 2758 2029 2845 tropaeum*
2064 2761 2341 2845 aliquod
2363 2763 2430 2825 in
2461 2760 2709 2826 finibus

582 2953 604 2978 ⁰
640 2945 829 2996 Clarius
845 2950 896 3023 et
919 2944 1220 3008 explicatius.
1796 2954 1828 2989 1
1864 2947 2066 2997 Groecis.

1428 3057 1584 3077 mn
1587 3058 1643 3077 OQ
1646 3058 1796 3078 ONOO

521 3155 570 3198 3.
591 3148 851 3198 constituta
871 3151 1088 3197 este-15
1124 3148 1243 3199 Sch.
1262 3151 1607 3210 agnosci—16
1640 3152 1699 3200 M
1723 3160 1776 3199 et
1798 3150 1919 3200 Scb.
1938 3149 2058 3213 quod
2079 3149 2269 3212 quisque
2286 3152 2400 3197 aut.-
2422 3165 2458 3196 ω
2485 3153 2532 3198 2.
2555 3149 2711 3198 Voss.

522 3221 569 3263 l.
596 3213 738 3262 [aeid.
759 3216 807 3261 3.
841 3215 963 3276 quod
983 3217 1213 3267 auh—17
1246 3231 1282 3262 ω
1301 3219 1346 3265 1.
1367 3219 1417 3265 2.
1438 3217 1586 3264 Voss.
1612 3221 1661 3265 2.
1691 3216 1840 3266 Leid.
1874 3220 1920 3264 1.
1942 3220 1990 3263 2.
2023 3221 2106 3264 out
2128 3215 2241 3275 mqy‘.
2260 3215 2526 3263 nzinoreve:
2562 3214 2713 3263 Voss.

522 3284 570 3327 l.
598 3279 738 3329 Leid.
760 3282 810 3328 3.
831 3278 1037 3338 υεῑηιιύ.
1056 3279 1323 3328 minoreve:
1363 3280 1444 3330 ed.
1472 3281 1683 3331 Omnib.
1705 3286 1790 3331 aut
1812 3296 1873 3330 ex
1890 3281 1999 3340 'mv'-
2022 3285 2108 3328 aut
2128 3280 2339 3328 minore:
2374 3288 2574 3341 septem
2602 3279 2710 3327 Ox·

522 3358 641 3394 onn.
664 3345 794 3393 Mss.
816 3358 932 3392 cum
970 3344 1115 3394 Jnnt.
1151 3345 1331 3392 Lamb.
1367 3354 1423 3394 et
1460 3347 1601 3394 Oliv.
1634 3353 1717 3395 aut
1738 3362 1801 3396 ex
1820 3345 1932 3408 maj.
1958 3351 2041 3393 aut
2078 3361 2140 3394 ex
2172 3345 2367 3393 minore.
2371 3348 2501 3394 -18
2536 3361 2583 3406 κ,
2604 3350 2710 3393 ω2.

522 3409 669 3457 Leid.
695 3414 741 3459 1.
764 3413 813 3456 2.
831 3416 885 3456 et
909 3408 1089 3458 Lamb.
1111 3423 1330 3472 quemque
1350 3417 1440 3460 att.
1464 3427 1556 3460 sex
1592 3411 1800 3459 Oxonn.
1826 3412 1953 3460 Mss.
1989 3425 2102 3459 cum
2131 3408 2215 3460 ed.
2237 3409 2446 3469 Omnib.
2479 3409 2631 3460 Junt.
2657 3417 2713 3459 et

523 3475 660 3525 oliv.
681 3475 878 3536 quisque
912 3479 1004 3523 att.
1046 3491 1082 3522 ω
1115 3479 1161 3524 1.
1185 3476 1338 3524 Voss.
1364 3479 1411 3525 1.
1441 3480 1492 3526 2.
1515 3476 1664 3525 Leid.
1687 3479 1736 3524 3.
1768 3476 1923 3525 Grut.
1950 3475 2127 3524 Graev.
2133 3476 2331 3524 ·Burm.
2354 3466 2485 3523 Lan.
2504 3476 2713 3524 Sebutz.

521 3539 738 3589 Wetzel.
773 3548 827 3588 et
863 3538 1030 3589 Orell.
1067 3540 1377 3603 simpliciter
1410 3543 1672 3590 attendere.
1674 3545 1803 3590 —19
1837 3541 1882 3589 B
1912 3541 1966 3588 M
2006 3541 2194 3590 elidere.
2197 3544 2327 3589 -20
2362 3542 2469 3590 Sex
2504 3540 2715 3588 Oxonn.

521 3603 652 3653 Mss.
673 3618 788 3653 cum
809 3603 891 3652 ed.
913 3604 1127 3654 Omnib.
1145 3616 1199 3655 et
1223 3606 1365 3656 Oliv.
1388 3607 1588 3655 debebit.
1593 3610 1686 3654 -1
1725 3606 1872 3654 Leid.
1895 3610 1944 3654 2.
1968 3605 2019 3653 in
2041 3621 2197 3654 omnes
2217 3620 2397 3666 causas,
2422 3612 2481 3653 ut
2504 3605 2715 3654 volebat

521 3668 701 3717 Lamb.
703 3673 800 3718 -2
832 3669 1091 3718 Victorin-
1110 3672 1354 3734 perscribi.
1357 3675 1452 3718 -3
1487 3671 1668 3720 Lamb.
1692 3684 1721 3717 e
1745 3671 1881 3734 conj.
1911 3686 1999 3733 pro
2036 3671 2332 3720 auctoritate.
2337 3675 2432 3719 -4
2467 3686 2513 3725 κ,
2535 3683 2712 3719 omnes

520 3733 650 3782 Mas.
673 3733 813 3783 Oud.
847 3740 903 3783 et
923 3735 1043 3784 edd.
1076 3751 1153 3798 pr.
1188 3737 1409 3784 ducis-5
1445 3737 1549 3784 vein
1580 3737 1666 3784 Ιιαι·
1686 3737 2033 3786 constitutione.
2038 3742 2135 3785 —6
2164 3736 2285 3784 Sch.
2307 3750 2420 3784 num
2441 3736 2624 3796 aliquos
2646 3737 2713 3784 lo-

519 3813 625 3849 cos:
663 3815 694 3846 κ
713 3813 826 3848 uum
848 3815 962 3862 quos
982 3801 1102 3850 alios
1123 3801 1274 3849 locos:
1311 3801 1370 3850 M
1396 3805 1554 3848 utrum
1575 3816 1688 3861 quos
1709 3802 1866 3850 locos:
1885 3805 1913 3849 θ
1934 3802 2159 3864 numquid
2180 3801 2318 3848 locos.
2321 3803 2414 3848 -7
2448 3817 2485 3846 ω
2521 3804 2569 3848 l.
2596 3803 2711 3849 Scb.

522 3878 636 3912 am.
658 3879 763 3914 sec.
786 3865 938 3913 Voss.
957 3869 1005 3914 2.
1030 3874 1083 3913 et
1105 3864 1189 3913 ed.
1213 3864 1420 3915 Omnib.
1441 3881 1555 3928 quos
1574 3881 1661 3913 nos
1679 3866 1980 3928 exponimus.-
2018 3870 2124 3914 ω2.
2149 3880 2263 3927 quos
2281 3880 2365 3913 nos
2386 3866 2714 3927 exposuimuaet

520 3927 666 3980 Leid.
691 3933 737 3978 1.
763 3930 908 3979 Voss.
935 3934 982 3978 1.
1001 3944 1112 3993 quos
1132 3932 1423 3993 exponimus.
1425 3935 1521 3979 -8
1555 3948 1592 3978 ω
1614 3932 1854 3992 2-11vJu35
1881 3940 1936 3981 et
1960 3948 1996 3979 ω
2016 3935 2066 3981 1.
2086 3929 2495 3980 considerabimus.

1509 4085 1725 4136 NOTAE
1813 4136 1814 4139 ,

583 4179 610 4212 ¹²
645 4179 855 4228 Thebani
890 4180 1290 4245 Lacedoemouios]
1339 4183 1425 4232 De
1462 4183 1575 4247 qni·
1657 4185 1848 4246 renn.§
1874 4186 1952 4232 34.

521 4255 618 4305 bus
648 4255 845 4306 dictum
884 4257 936 4306 in
975 4257 1110 4307 notis
1148 4257 1214 4308 ad
1250 4259 1341 4308 lib.
1366 4272 1444 4308 ιν.
1467 4258 1575 4309 Ηε-
1709 4254 1735 4292 'i
1771 4256 2038 4322 Tropoeum]
2074 4258 2301 4309 Maxime
2323 4258 2569 4309 usitatum
2608 4262 2709 4305 tro-
