3020 4942
998 427 1098 476 nu
1143 426 1527 491 canona,
1571 430 1651 477 11.
1692 415 1803 479 44.
2196 414 2211 427 ’
2322 412 2495 480 1029

301 568 591 650 oderint,
636 574 759 637 aut
803 569 1105 656 diligant,
1136 578 1255 638 aut
1283 572 1645 652 invideant,
1674 579 1793 638 aut
1822 572 2080 667 salvum
2110 573 2346 653 velint,
2378 581 2499 641 aut

300 683 630 748 metuant,
660 684 777 740 aut
807 683 1116 761 sperent,³
1164 680 1279 739 aut
1305 675 1600 759 cupiant,
1636 683 1752 740 aut
1782 676 2204 756 abhorreant,
2231 684 2350 744 aut
2376 676 2496 742 lae-

305 782 549 856 tentur,
582 782 698 841 aut
725 786 1071 855 moereant,-
1097 785 1214 842 aut
1239 778 1698 853 misereantur,
1720 784 1837 842 aut
1861 778 2095 862 punire
2121 779 2353 860 velint,
2376 788 2499 848 aut

306 881 545 946 adeos
570 885 595 915 ²
639 886 860 945 motus
891 878 1333 958 adducantur,
1359 880 1426 965 *si
1466 879 1589 964 qui
1628 879 1890 945 finitimi
1920 889 2099 958 sunt,
2122 888 2201 946 ,et
2229 884 2497 967 propin-

302 983 428 1067 qui
486 982 593 1046 his
652 1002 732 1047 ac
791 983 1034 1047 talibus
1095 982 1300 1046 animi
1346 983 1984 1066 perturbationibus,
2066 984 2220 1050 186.
2264 983 2497 1070 Atque

305 1084 469 1149 illud
514 1084 881 1169 optandum
929 1091 1034 1149 est
1077 1085 1348 1160 oratori,
1394 1090 1470 1149 ut
1513 1086 1810 1169 aliquam
1841 1087 2321 1170 permotionem
2355 1088 2500 1151 ani·

303 1200 565 1256 morum
595 1207 721 1251 sua
761 1196 1001 1271 sponte
1040 1189 1174 1273 ipsi
1224 1188 1500 1254 afferant
1532 1188 1618 1254 ad
1648 1209 1922 1255 causam
1958 1189 2250 1273 judiceS,
2291 1190 2379 1255 ad
2406 1190 2498 1266 id,

303 1288 490 1373 quod
530 1290 810 1354 utilitas
836 1292 1122 1355 oratoris*
1155 1289 1345 1378 feret,
1382 1291 1976 1356 accommodatam.
2066 1290 2367 1355 Facilius
2393 1301 2501 1359 est

302 1393 481 1460 enim
514 1402 885 1459 currentem
909 1397 1016 1474 (ut
1046 1391 1261 1477 aiunt)
1298 1393 1595 1468 incitare,
1640 1412 1844 1476 quam
1895 1400 2315 1457 commovere
2360 1393 2499 1458 lan-

300 1502 657 1577 guentem!
742 1496 858 1560 Sin
897 1496 993 1574 id,
1044 1504 1161 1560 aut
1205 1516 1339 1563 non
1384 1496 1527 1570 erit,
1574 1506 1693 1560 aut
1735 1496 1861 1561 erit
1904 1497 2273 1573 obscurius,
2317 1498 2501 1562 sicut

296 1597 563 1663 medico
595 1599 922 1682 diligenti,
962 1600 1355 1683 priusquam
1404 1606 1689 1663 conetur
1729 1618 1906 1680 aegro
1944 1597 2259 1662 adhibere
2291 1597 2500 1663 medi-

298 1700 548 1777 cinam,
578 1719 707 1764 non
736 1701 955 1765 solum
985 1702 1262 1766 morbus
1280 1701 1453 1784 ejuS,
1480 1701 1589 1766 cui
1609 1699 1854 1764 mederi
1872 1700 2072 1779 volet,
2096 1699 2218 1765 sed
2249 1701 2455 1765 etiam
2474 1709 2499 1752 ³

300 1803 720 1870 consuetudo
758 1805 1094 1881 valentiS,‘
1132 1811 1200 1870 et
1238 1811 1478 1872 natura
1520 1805 1821 1887 corporis
1850 1802 2320 1886 cognoscenda
2350 1812 2496 1867 est:

298 1905 403 1968 sic
434 1905 740 1988 equidem
780 1927 934 1971 cum
982 1907 1320 1991 aggredior
1367 1908 1737 1991 ancipitem
1777 1926 2054 1973 causam
2086 1913 2155 1970 et
2182 1906 2504 1987 gravem4

303 2007 396 2075 ad
428 2009 691 2073 animos
712 2009 1013 2092 judicum
1042 2007 1573 2093 pertractandoS,
1598 2009 1776 2073 omni
1796 2016 2019 2073 mente
2039 2008 2111 2072 in
2141 2027 2225 2071 ea
2254 2006 2501 2088 cogita·

303 2112 487 2178 tione
515 2131 809 2197 curaque
838 2133 1090 2193 versor,
1113 2120 1187 2179 ut
1213 2113 1474 2190 odorer,
1497 2132 1696 2196 quam
1749 2112 2186 2193 sagacissime
2216 2109 2500 2192 possim,

300 2212 466 2296 quid
498 2211 829 2293 sentiant)
871 2214 1034 2298 quid
1067 2216 1469 2292 existiment,
1495 2214 1656 2299 quid
1676 2220 2060 2298 expectent,
2092 2211 2252 2296 quid
2274 2213 2501 2285 velint,

301 2334 444 2398 quo
472 2315 712 2383 deduci
741 2319 1039 2382 oratione
1060 2317 1377 2389 facillime
1411 2337 1622 2399 posse
1656 2317 2031 2385 videantur.
2119 2315 2271 2382 187.
2317 2314 2391 2378 Si
2423 2334 2501 2378 se

298 2419 491 2499 dant,
538 2425 629 2497 et,-
669 2432 747 2485 ut
784 2429 935 2485 ante
978 2419 1150 2496 dixi,
1189 2439 1317 2487 sua
1347 2423 1642 2503 sponte,⁵
1685 2439 1821 2504 quo
1848 2416 2278 2504 impellimus,
2306 2417 2501 2485 incli-

300 2531 467 2589 nant
495 2531 699 2607 atque
727 2524 1180 2609 propendent3
1225 2523 1495 2607 accipio
1525 2523 1708 2607 quod
1741 2523 1962 2603 datur,
1990 2521 2060 2586 et
2090 2520 2174 2587 ad
2205 2521 2297 2599 id,
2328 2519 2501 2585 unde

302 2626 557 2711 aliquis
590 2627 783 2693 flatus
821 2626 1219 2703 ostenditur,
1252 2628 1403 2693 vela
1435 2626 1568 2692 do.‘
1655 2625 1773 2689 Sin
1815 2609 1925 2691 est
1966 2626 2216 2707 integer
2239 2634 2269 2661 ⁸
2312 2622 2498 2708 quie-

300 2735 550 2813 tusque
581 2729 824 2813 judex,
868 2731 1023 2815 plus
1078 2736 1182 2796 est
1228 2731 1696 2813 operistsunt
1742 2730 1918 2793 enim
1963 2727 2192 2792 omnia
2220 2713 2500 2790 dicendo

300 2831 692 2911 excitanda,
737 2833 899 2897 nihil
930 2833 1292 2918 adjuvante
1321 2839 1585 2897 natura.
1670 2823 1804 2895 Sed
1839 2835 2094 2894 tantam
2121 2819 2269 2893 vim*
2299 2825 2503 2892 habet

296 2932 422 3000 illa
452 2954 606 3018 quae
635 2942 815 3001 recte
846 2956 889 3001 a
916 2936 1095 3002 bono
1126 2936 1377 3026 poeta⁰
1419 2934 1600 3001 dicta
1644 2939 1747 2998 est
1790 2932 2208 3010 flexanima,¹¹⁷
2249 2938 2450 3017 atque
2473 2924 2504 2968 ⁶

305 3079 306 3084 ¹
367 3107 393 3134 f
426 3100 684 3160 Hominem
703 3101 811 3164 jum
832 3103 992 3167 aliqua
1025 3117 1089 3153 ex
1115 3106 1255 3168 purte
1282 3100 1613 3166 perturbatum
1644 3100 1863 3158 incitare,
1894 3113 2035 3166 quum
2062 3111 2347 3149 commovere
2369 3101 2505 3150 trun·-

294 3166 606 3285 quqlgzibue
624 3231 762 3284 rebus
780 3246 911 3293 oeger
929 3231 1187 3282 assueverit
1208 3246 1315 3282 cum
1334 3233 1531 3282 voleret.

305 3324 310 3328 ·
368 3296 386 3327 ⁸
422 3296 520 3344 Eos
542 3297 697 3358 magis
718 3298 875 3345 excito
895 3299 957 3345 od
976 3311 1053 3345 eoo
1072 3301 1242 3351 motus.
1261 3312 1349 3359 quo
1370 3297 1728 3358 ipsisemntur.

305 3379 310 3384 ·
369 3367 399 3391 ¹⁸
434 3361 658 3412 Nondum
678 3362 776 3411 ullo
794 3361 1145 3422 perturbatione
1164 3367 1440 3416 commotus.
1658 3381 1663 3384 ·

307 3465 314 3471 .
368 3431 394 3480 Ρ
429 3425 605 3480 Ennio.
793 3434 829 3470 Ψ
861 3427 1082 3482 Flecteris
1100 3427 1300 3476 animos.

1214 3522 1244 3545 O
1250 3519 1584 3543 OO‘O‘OOOQO

375 3604 517 3653 cu.
542 3617 697 3654 xmv.
758 3608 784 3655 1
822 3604 909 3654 Ita
940 3605 1097 3655 codd.
1132 3604 1267 3655 Bod.
1295 3604 1442 3669 Mag.
1477 3601 1636 3653 Norf.
1668 3602 1843 3652 Palat.
1867 3605 1916 3650 4.
1939 3606 1989 3649 5.
2013 3604 2063 3650 8.
2085 3614 2201 3649 eum
2225 3598 2344 3649 edd.
2370 3605 2502 3650 vett.

301 3669 528 3720 Mediol.
580 3670 773 3720 Venet.
810 3669 1033 3734 Ascens.
1087 3670 1211 3722 Ald.
1242 3671 1389 3726 Jnnt.
1428 3671 1574 3719 Crat.
1608 3669 1781 3718 Streb.
1823 3667 2026 3716 Victor.
2066 3666 2244 3715 Lamb.
2284 3665 2501 3714 Lallem.

301 3734 497 3784 Pente.
531 3734 742 3784 Schutz.
780 3736 988 3784 Harles.
1024 3735 1176 3784 Muli.
1199 3744 1254 3784 et
1278 3735 1445 3784 Orell.
1478 3740 1564 3784 out
1598 3737 1825 3798 spernant
1854 3733 2002 3781 Man.
2023 3731 2204 3780 Lamb.
2228 3746 2314 3791 ap.
2342 3729 2505 3779 Orell.

305 3800 465 3849 Grut.
501 3803 568 3849 'et
605 3800 779 3864 vulgg.
823 3808 946 3850 ante
990 3800 1321 3849 Ernesti.--2
1352 3800 1561 3849 Schutz.
1587 3799 1726 3861 conj.
1758 3802 1842 3846 out
1874 3799 1936 3845 ud
1969 3795 2168 3859 aliquos.
2235 3794 2384 3850 Mox,
2408 3809 2503 3857 pro

304 3866 623 3926 adducantur,
661 3864 798 3929 quod
835 3871 1049 3915 servant
1083 3866 1240 3915 Cant.
1272 3872 1327 3914 et
1361 3864 1480 3913 edd.
1514 3873 1642 3913 vett.
1676 3863 1830 3914 Junt.
1861 3863 2004 3912 Crat.
2039 3862 2182 3909 Man.
2213 3862 2508 3909 abducantur

304 3929 559 3982 exhibent
582 3932 736 3979 Grut.
758 3938 812 3979 et
837 3932 1010 3994 vulgg.
1039 3932 1331 3980 deducantur
1353 3944 1531 3979 omnes
1558 3930 1730 3977 Oxou,
1753 3926 1929 3976 Mead.
1958 3926 2104 3974 Harl.
2130 3930 2174 3973 l.
2193 3928 2242 3972 2.
2273 3925 2501 3973 diducam

299 4000 389 4060 tur
412 3996 523 4046 Erl.
544 4001 593 4048 1.
656 3996 820 4058 Dein,
842 4011 937 4057 pro
964 3995 1412 4059 perturbationibus,
1435 3994 1619 4056 Steph.
1643 3993 1798 4041 habet
1818 3990 2294 4055 permotionibus.-3
2322 3990 2507 4044 Lamb.

303 4061 388 4110 sed
410 4065 575 4110 ete—4
609 4060 775 4110 Codd.
800 4062 997 4123 aliquot
1020 4076 1105 4123 ap.
1131 4061 1318 4114 Pearc.
1350 4060 1403 4117 in
1423 4059 1628 4122 ancipiti
1647 4072 1788 4107 causo
1810 4062 1860 4104 et
1876 4055 2038 4117 gravi,
2063 4054 2210 4117 prob.
2231 4056 2502 4108 Sobata.—

305 4130 339 4178 5
374 4126 555 4175 Lamb·
584 4125 630 4176 si
648 4140 733 4176 sua
752 4132 932 4194 sponte.
1000 4125 1272 4183 Actutum,
1299 4125 1345 4174 εἰ
1373 4141 1463 4189 quo
1486 4123 1769 4188 Steph.—6
1801 4121 2067 4170 Particula
2096 4126 2236 4190 utque
2264 4118 2416 4170 deest
2447 4120 2502 4172 iu

1355 4229 1516 4281 ΟΤΙΕ

748 4318 763 4354 ἰ
781 4319 912 4378 Quid
932 4320 1162 4387 sentiant]
1192 4230 1349 4372 Iderlii1
1364 4320 1527 4372 tradit
1548 4317 1762 4370 Aristot·
1787 4316 1940 4370 Rhet.
1964 4316 1998 4368 1.
2018 4329 2085 4369 ιι.
