3020 4942
531 354 701 421 1210

528 516 681 581 167.
724 515 964 580 Sumta
1008 512 1079 580 re
1118 516 1343 595 simili,
1389 518 1596 582 verba
1636 515 1788 601 ejus
1830 518 1928 583 rei
1973 518 2241 602 propria
2284 518 2609 604 deinceps
2656 521 2723 585 in

527 639 667 684 rem
696 619 897 683 aliam
942 621 1050 698 (ut
1081 617 1264 703 dixi)
1301 620 1807 686 transferuntur.
1898 637 2094 685 xnn.
2139 621 2268 686 Est
2317 622 2447 687 hoc
2473 630 2495 660 ¹
2540 642 2722 706 mag-

524 741 684 786 num
713 730 1174 787 ornamentum
1207 724 1548 800 orationiS,
1580 725 1650 787 in
1682 742 1818 808 quo
1849 724 2230 815 obscuritas
2255 724 2578 807 fugienda
2601 732 2721 817 est.

525 822 793 890 Etenim
840 844 924 890 ex
964 825 1091 889 hoc
1129 845 1368 907 genere
1411 828 1577 891 finnt
1614 846 1720 904 ea,
1759 846 1914 911 quae
1960 826 2266 891 dicuntur
2311 827 2724 910 aenigmata.⁸

527 926 689 992 Non
713 935 818 992 est
847 935 1071 993 antem
1101 928 1169 992 in
1196 930 1398 994 verbo
1428 928 1670 994 modus
1691 930 1720 969 ⁴
1745 929 1879 1007 hic,
1905 930 2022 994 sed
2047 930 2117 993 in
2147 931 2472 1007 oratione,
2501 930 2573 994 id
2598 939 2723 1008 est,

524 1028 598 1093 in
629 1030 1123 1095 continuatione
1155 1033 1517 1097 verborum.
1580 1031 1689 1097 Ne
1715 1033 1830 1097 illa
1859 1032 2124 1117 quidem
2151 1033 2482 1098 traductio
2514 1041 2720 1118 atque

522 1132 897 1197 immutatio
921 1142 944 1173 ⁶
985 1133 1052 1196 in
1081 1133 1288 1198 verbo
1319 1135 1659 1217 quandam
1688 1134 2194 1201 fabricationem
2243 1136 2462 1214 habet,
2499 1136 2626 1201 sed
2651 1136 2719 1199 in

522 1236 826 1300 oratione
850 1253 868 1299 t
894 1241 921 1271 ²
2373 1290 2376 1293 ,

695 1341 718 1372 ‘
740 1336 978 1402 Africa
1006 1337 1285 1403 terribili
1317 1340 1541 1404 tremit
1569 1340 1837 1406 horrida
1865 1349 2036 1406 terra
2066 1338 2398 1407 tumultu-‚⁹

521 1438 658 1504 Pro
710 1438 987 1504 ‘Afris’
1027 1446 1130 1506 est
1176 1449 1404 1506 sumta
1444 1447 1465 1476 ‘
1489 1441 1724 1508 Africa
1744 1441 1834 1525 ;'s
1868 1464 2082 1528 neque
2127 1446 2383 1509 factum
2441 1444 2716 1509 verbum

521 1549 652 1618 est,
699 1547 793 1619 ut,
843 1541 1090 1609 ‘.Mare
1136 1544 1500 1628 saxifragis
1552 1546 1749 1611 undis
1773 1548 1814 1628 ς’
1856 1558 2071 1631 neque
2097 1600 2100 1605 .
2127 1547 2560 1626 translatum,
2623 1555 2716 1623 ut,

520 1647 544 1678 ‘
566 1638 873 1710 Mollitur
931 1666 1111 1710 mare
1137 1642 1180 1728 3²
1240 1647 1363 1712 sed
1421 1647 1703 1712 ornandi
1761 1668 1976 1714 causa
2035 1650 2382 1734 proprium
2434 1650 2717 1734 proprio

520 1754 1003 1813 commutatum
1031 1757 1075 1812 :³
1141 1750 1444 1816 ‘Desine
1496 1751 1722 1817 Roma
1764 1759 1917 1819 tuos
1967 1751 2199 1818 hostes
2220 1751 2260 1817 ε’
2301 1757 2386 1830 et,
2434 1752 2719 1817 ‘Testes

520 1855 678 1914 sunt
706 1851 930 1935 campi
975 1849 1243 1935 magni?
1328 1851 1580 1920 Gravis
1609 1863 1716 1919 est
1743 1855 1987 1919 modus
2029 1856 2100 1920 in
2128 1862 2366 1921 ornatu
2392 1856 2716 1919 orationis

519 1956 592 2015 et
638 1970 828 2036 saepe
877 1953 1280 2020 sumendus:
1321 1975 1409 2020 ex
1460 1976 1597 2039 quo
1649 1976 1884 2041 genere
1923 1956 2073 2024 haec
2113 1965 2295 2036 sunt,
2341 1959 2365 1994 ‘
2387 1954 2719 2024 Martem*

1294 372 1374 420 M.
1421 372 1489 419 Τ.
1538 371 1943 421 CICERONIS

579 2156 609 2191 ἆ
644 2159 843 2221 Τνοριω.
1032 2170 1053 2196 ·
1085 2162 1432 2214 Meconem
1452 2169 1501 2215 et
1520 2165 1771 2230 hypallage
1785 2181 1819 2215 a
1844 2138 2033 2215 Grecis
2052 2164 2199 2216 dicta.

571 2222 608 2266 Ι
630 2224 804 2284 Africa
820 2239 908 2290 pro
928 2224 1072 2287 Afris
1087 2228 1303 2292 ponitur.

1433 2323 1794 2345 mmm&

448 2465 459 2471 -
580 2428 720 2480 CAP-
744 2442 878 2481 xtu.
931 2435 955 2481 l
984 2432 1076 2483 Eat
1092 2439 1250 2484 aulem
1269 2434 1355 2484 hoc
1376 2435 1484 2486 Eri.
1502 2439 1650 2486 1.-2
1672 2432 1850 2485 Verba
1867 2435 1951 2484 aed
1974 2435 2025 2484 in
2046 2434 2260 2485 oratione
2281 2432 2479 2485 delevit
2503 2434 2714 2485 Schutz.

515 2496 743 2545 restitnit
765 2497 1012 2547 ΜιιΙΙ.-8
1051 2500 1232 2550 Lamb.
1250 2507 1586 2551 commutatum
1600 2517 1620 2558 ,-
1651 2504 1723 2549 at·
1788 2500 2060 2562 Actutum,
2083 2501 2189 2549 Eri.
2204 2504 2251 2550 1.
2275 2500 2435 2550 desine
2454 2515 2590 2549 roma
2612 2506 2714 2549 taos

512 2560 596 2609 Ιωε
617 2560 877 2626 triumpha
896 2563 994 2627 σις’
1013 2569 1126 2614 rant
1150 2566 1304 2629 campi
1326 2566 1490 2628 ”mgni
1518 2567 1634 2630 3⁹1⁰·oe
1666 2571 1737 2616 eat
1770 2567 1933 2615 nudus
1967 2566 2018 2615 ia
2051 2570 2224 2615 ornata
2258 2565 2492 2615 oracionis
2527 2571 2575 2616 et
2605 2580 2714 2629 sepe

1504 2712 1554 2762 N
1562 2710 1721 2761 0¹1·AE

509 2779 833 2868 metaphora,
867 2804 1189 2868 significatur
1222 2809 1573 2873 arrogantiam
1646 2816 1768 2859 aunt
1801 2808 1867 2860 ab
1900 2809 2194 2859 oratoribus
2222 2806 2522 2858 adhibenda
2557 2808 2714 2872 anig-

510 2879 730 2943 alicujua
750 2881 1092 2933 coiit-cendam
1116 2899 1249 2935 ease.
1559 2919 1564 2931 .
1644 2894 1803 2949 mata,
1849 2886 2046 2950 quippe
2088 2900 2205 2950 quae
2248 2885 2388 2934 inter
2432 2885 2713 2935 dicendum

575 2963 603 2999 8
632 2958 959 3024 AEnigmaea]
986 2958 1103 3009 Ἀπὸ
1137 2962 1226 3011 τοῦ
1263 2960 1569 3026 αἰνίττεσθαι,

508 3032 703 3083 obeat-e
734 3035 879 3097 loqui,
901 3036 1092 3087 dicitur
1123 3039 1362 3102 enigma,
1386 3049 1572 3106 eatque

508 3110 758 3173 allegoria
789 3111 1075 3162 obscurior.
1138 3115 1256 3166 Quo
1287 3116 1342 3164 in
1381 3131 1572 3179 genere

506 3186 781 3250 eleganter
820 3194 878 3238 et
912 3190 1117 3240 erudite
1154 3192 1279 3242 lusit
1315 3192 1572 3244 Ausonius

507 3262 679 3325 Epist.
712 3277 794 3316 ιν.
823 3263 889 3313 ad
919 3265 1214 3317 'l'lieonemz
1249 3269 1267 3298 ‘
1289 3268 1401 3318 Aut
1435 3270 1571 3321 adsit

505 3338 770 3402 interpres
793 3350 930 3406 tuna,
952 3342 1301 3406 AEnigmatum
1326 3346 1416 3411 qni
1449 3362 1570 3411 cog·

504 3415 644 3466 nitor
678 3415 798 3466 Fuit
832 3431 1082 3484 meorum,
1110 3434 1228 3472 cum
1260 3422 1355 3472 tibi
1389 3423 1569 3473 Cadmi

503 3492 723 3557 nigellas
762 3493 915 3558 filiaa,
950 3495 1178 3547 Melonis
1216 3499 1381 3549 albam
1425 3502 1570 3564 pagi-

504 3583 646 3632 nam,
683 3569 952 3637 Notusque
991 3570 1157 3622 furvoe
1185 3576 1360 3638 aepiae,
1396 3576 1572 3625 Cnidi·

503 3659 666 3711 osque
688 3647 850 3698 nodos
876 3647 1144 3713 prodidit!
1198 3651 1425 3715 Nigeliae
1445 3652 1568 3703 ffliae

504 3728 627 3772 aunt
648 3722 835 3786 literae,
856 3739 983 3789 quas
1013 3725 1064 3776 in
1099 3727 1358 3780 Graeciam
1394 3732 1571 3782 attulit

505 3797 756 3849 Cadmus:
792 3800 1013 3851 Melonis
1036 3802 1155 3853 alba
1178 3805 1385 3868 pagina,
1402 3820 1566 3872 papy-

432 3879 440 3890 “
502 3887 588 3923 rua
625 3874 889 3925 Nilotica:
933 3877 1080 3927 Nilus
1100 3879 1218 3929 olim
1244 3881 1403 3939 Melo,
1422 3890 1566 3934 teate

502 3949 702 4002 Festo:
754 3959 1101 4002 atramentum
1149 3957 1284 4020 quod
1329 3972 1360 4006 e
1403 3959 1565 4019 sepia

501 4040 659 4076 nuceo
703 4026 1070 4089 conficiebant,
1113 4033 1348 4095 appellat
1411 4043 1562 4085 notas

499 4101 665 4153 furvae
697 4103 878 4165 sepio,
898 4111 955 4155 et
987 4105 1147 4157 nodos
1182 4108 1395 4160 Cnidios
1426 4112 1563 4160 cala·

500 4191 613 4227 mos
636 4178 913 4230 scribendo
935 4180 1167 4246 idoneos,
1188 4198 1220 4233 ο
1241 4183 1426 4247 quibua
1444 4186 1561 4235 Cni-

499 4253 572 4303 dii
590 4256 981 4318 praestantiorea
997 4265 1147 4309 erant
1162 4261 1375 4312 ceteris.
1423 4262 1564 4314 Raro

1644 2963 1935 3013 auditorum
1963 2976 2170 3012 aeneum
2202 2960 2357 3011 etiam
2390 2961 2714 3011 acutissimo-

1643 3053 1756 3090 rum
1791 3053 1933 3101 σερε
1968 3037 2322 3087 transvolent:
2362 3051 2485 3086 nsua
2521 3042 2601 3086 est
2637 3045 2710 3085 ta·

1641 3130 1760 3166 meu
1792 3115 1978 3166 Cicero
2013 3129 2107 3177 pro
2142 3114 2356 3164 Fonteio
2379 3113 2561 3178 specie
2583 3129 2707 3179 qua-

1640 3191 1758 3240 dam
1794 3190 2084 3255 aenigmatis
2122 3191 2174 3239 in
2214 3189 2529 3252 Platorium,
2566 3190 2707 3255 qnod

1640 3266 1803 3318 refert
1825 3267 2205 3319 Quintilianum
2240 3269 2257 3297 ‘
2280 3268 2461 3317 Mater
2476 3274 2568 3316 tua
2584 3268 2707 3317 dnm

1640 3345 1787 3402 vixit,
1817 3343 2024 3404 ludum;
2060 3350 2333 3407 postquam
2368 3350 2575 3393 mortua
2606 3352 2707 3404 est,

1639 3421 1913 3486 magistros
1935 3417 2153 3469 habuit-³
2221 3420 2358 3469 Dum
2378 3419 2602 3484 viveret,
2623 3434 2704 3469 an-

1638 3505 1817 3562 specta
1837 3505 1947 3550 erat
1969 3495 2195 3550 libidinis
2213 3504 2554 3560 &postquam
2570 3511 2704 3546 mor·

1641 3581 1732 3624 tua
1774 3581 1873 3639 est,
1917 3573 2030 3637 ejus
2075 3573 2212 3623 bona
2259 3572 2422 3622 hautae
2465 3573 2703 3636 subjecta

1640 3659 1780 3701 aunt.
1817 3693 1818 3696 ,
1905 3678 1909 3684 -
2489 3701 2496 3708 ,

1702 3725 1729 3761 ¹¹
1759 3727 1995 3791 Martem]
2031 3727 2105 3776 Ut
2130 3724 2421 3774 Vulcanum
2445 3739 2540 3787 pro
2564 3726 2699 3789 igne,

1639 3804 1866 3855 Martem
1884 3818 1980 3869 pro
2000 3802 2139 3853 bello
2156 3801 2335 3851 dicere
2357 3800 2699 3858 eruditionem

1637 3880 1862 3938 redolet,
1904 3880 2071 3945 inquit
2114 3878 2306 3928 Fabius
2362 3887 2489 3928 vm.
2535 3885 2585 3928 6.
2623 3881 2698 3929 ita

1638 3956 1877 4007 Liberum
1898 3964 1953 4005 et
1974 3955 2218 4004 Cererem
2239 3968 2335 4016 pro
2353 3954 2478 4004 vino.
2491 3962 2548 4005 et
2566 3970 2697 4016 pane

1632 4033 1872 4088 licentius
1908 4032 2093 4097 aliquis
2130 4031 2480 4093 usurpaverit-
2518 4034 2533 4060 ‘
2558 4033 2698 4084 Quos

1634 4110 1893 4161 amisimus
1928 4110 2088 4165 cives,
2116 4122 2204 4157 eoa
2241 4108 2430 4158 Martia
2464 4109 2544 4159 via
2582 4125 2696 4172 per·

1633 4186 1778 4249 culit,
1791 4200 1896 4236 non
1916 4186 1990 4235 ira
2007 4180 2278 4235 victorie!
2316 4182 2428 4234 Cic.
2444 4199 2540 4249 pro
2557 4185 2695 4235 Mar-

1635 4263 1786 4313 ceuo.
