<?xml version="1.0" encoding="UTF-8"?>
<!DOCTYPE html PUBLIC "-//W3C//DTD XHTML 1.0 Transitional//EN"
    "http://www.w3.org/TR/xhtml1/DTD/xhtml1-transitional.dtd">
<html xmlns="http://www.w3.org/1999/xhtml" xml:lang="en" lang="en">
 <head>
  <title>
</title>
<meta http-equiv="Content-Type" content="text/html;charset=utf-8" />
  <meta name='ocr-system' content='tesseract 3.04.00' />
  <meta name='ocr-capabilities' content='ocr_page ocr_carea ocr_par ocr_line ocrx_word'/>
</head>
<body>
  <div class='ocr_page' id='page_1' title='image "./clavisciceronia01ernegoog_0400.png"; bbox 0 0 3020 4942; ppageno 0'>
   <div class='ocr_carea' id='block_1_1' title="bbox 512 338 1920 428">
    <p class='ocr_par' dir='ltr' id='par_1_1' title="bbox 512 338 1920 428">
     <span class='ocr_line' id='line_1_1' title="bbox 512 338 1920 428; baseline -0.004 0"><span class='ocrx_word' id='word_1_1' title='bbox 512 364 644 428; x_wconf 81' lang='lat'><strong>972</strong></span> <span class='ocrx_word' id='word_1_2' title='bbox 801 338 806 347; x_wconf 40' lang='lat'>⁸</span> <span class='ocrx_word' id='word_1_3' title='bbox 1269 370 1354 425; x_wconf 70' lang='lat' dir='ltr'><strong>M.</strong></span> <span class='ocrx_word' id='word_1_4' title='bbox 1396 379 1490 427; x_wconf 42' lang='grc' dir='ltr'><strong>Τ..</strong></span> <span class='ocrx_word' id='word_1_5' title='bbox 1515 368 1920 425; x_wconf 71' lang='lat' dir='ltr'><strong>cicunoms</strong></span> 
     </span>
    </p>
   </div>
   <div class='ocr_carea' id='block_1_2' title="bbox 444 518 2745 2447">
    <p class='ocr_par' dir='ltr' id='par_1_2' title="bbox 506 518 2692 902">
     <span class='ocr_line' id='line_1_2' title="bbox 509 518 2686 605; baseline -0.001 -18"><span class='ocrx_word' id='word_1_6' title='bbox 509 531 741 587; x_wconf 78' lang='lat' dir='ltr'><strong>autem·</strong></span> <span class='ocrx_word' id='word_1_7' title='bbox 772 520 1076 605; x_wconf 87' lang='lat' dir='ltr'><strong>judicare</strong></span> <span class='ocrx_word' id='word_1_8' title='bbox 1105 539 1409 604; x_wconf 86' lang='lat' dir='ltr'><strong>possum,</strong></span> <span class='ocrx_word' id='word_1_9' title='bbox 1441 521 1642 603; x_wconf 89' lang='lat' dir='ltr'><strong>longe</strong></span> <span class='ocrx_word' id='word_1_10' title='bbox 1685 518 2192 597; x_wconf 82' lang='lat' dir='ltr'><strong>eruditissimuS,</strong></span> <span class='ocrx_word' id='word_1_11' title='bbox 2226 527 2295 584; x_wconf 94' lang='lat' dir='ltr'><strong>et</strong></span> <span class='ocrx_word' id='word_1_12' title='bbox 2330 539 2551 585; x_wconf 85' lang='lat' dir='ltr'><strong>rerum</strong></span> <span class='ocrx_word' id='word_1_13' title='bbox 2582 541 2686 584; x_wconf 91' lang='lat' dir='ltr'><strong>co-</strong></span> 
     </span>
     <span class='ocr_line' id='line_1_3' title="bbox 506 621 2692 709; baseline -0.001 -21"><span class='ocrx_word' id='word_1_14' title='bbox 506 621 644 709; x_wconf 76' lang='lat' dir='ltr'><strong>pia&#39;</strong></span> <span class='ocrx_word' id='word_1_15' title='bbox 676 629 741 687; x_wconf 94' lang='lat' dir='ltr'><strong>et</strong></span> <span class='ocrx_word' id='word_1_16' title='bbox 792 624 1259 687; x_wconf 84' lang='lat' dir='ltr'><strong>sententiarum</strong></span> <span class='ocrx_word' id='word_1_17' title='bbox 1319 623 1641 686; x_wconf 82' lang='lat' dir='ltr'><strong>varietate</strong></span> <span class='ocrx_word' id='word_1_18' title='bbox 1699 622 2372 699; x_wconf 80' lang='lat' dir='ltr'><strong>abundantissimuS‚²</strong></span> <span class='ocrx_word' id='word_1_19' title='bbox 2432 627 2500 687; x_wconf 89' lang='lat' dir='ltr'><strong>et</strong></span> <span class='ocrx_word' id='word_1_20' title='bbox 2547 622 2692 706; x_wconf 84' lang='lat' dir='ltr'><strong>ipsa</strong></span> 
     </span>
     <span class='ocr_line' id='line_1_4' title="bbox 508 724 2692 810; baseline -0.002 -19"><span class='ocrx_word' id='word_1_21' title='bbox 508 726 996 810; x_wconf 83' lang='lat' dir='ltr'><strong>compositione</strong></span> <span class='ocrx_word' id='word_1_22' title='bbox 1041 725 1387 789; x_wconf 87' lang='lat' dir='ltr'><strong>verborum</strong></span> <span class='ocrx_word' id='word_1_23' title='bbox 1440 743 1574 787; x_wconf 90' lang='lat' dir='ltr'><strong>non</strong></span> <span class='ocrx_word' id='word_1_24' title='bbox 1621 724 1990 806; x_wconf 79' lang='lat' dir='ltr'><strong>impolituS,</strong></span> <span class='ocrx_word' id='word_1_25' title='bbox 2041 744 2348 806; x_wconf 88' lang='lat' dir='ltr'><strong>magnam</strong></span> <span class='ocrx_word' id='word_1_26' title='bbox 2390 725 2692 810; x_wconf 84' lang='lat' dir='ltr'><strong>eloquen-</strong></span> 
     </span>
     <span class='ocr_line' id='line_1_5' title="bbox 508 826 2550 902; baseline -0.002 -8"><span class='ocrx_word' id='word_1_27' title='bbox 508 829 676 894; x_wconf 83' lang='lat' dir='ltr'><strong>tiam</strong></span> <span class='ocrx_word' id='word_1_28' title='bbox 708 828 791 891; x_wconf 87' lang='lat' dir='ltr'><strong>ad</strong></span> <span class='ocrx_word' id='word_1_29' title='bbox 826 826 1238 890; x_wconf 88' lang='lat' dir='ltr'><strong>scribendum</strong></span> <span class='ocrx_word' id='word_1_30' title='bbox 1272 826 1507 902; x_wconf 87' lang='lat' dir='ltr'><strong>attulit,</strong></span> <span class='ocrx_word' id='word_1_31' title='bbox 1533 826 1652 889; x_wconf 91' lang='lat' dir='ltr'><strong>sed</strong></span> <span class='ocrx_word' id='word_1_32' title='bbox 1682 826 1934 889; x_wconf 84' lang='lat' dir='ltr'><strong>nullutn</strong></span> <span class='ocrx_word' id='word_1_33' title='bbox 1968 833 2162 890; x_wconf 88' lang='lat' dir='ltr'><strong>usum</strong></span> <span class='ocrx_word' id='word_1_34' title='bbox 2192 826 2550 890; x_wconf 82' lang='lat' dir='ltr'><strong>forensem.</strong></span> 
     </span>
    </p>

    <p class='ocr_par' dir='ltr' id='par_1_3' title="bbox 444 927 2745 2447">
     <span class='ocr_line' id='line_1_6' title="bbox 594 927 2696 1013; baseline -0 -20"><span class='ocrx_word' id='word_1_35' title='bbox 594 930 701 993; x_wconf 81' lang='lat'><strong>59.</strong></span> <span class='ocrx_word' id='word_1_36' title='bbox 750 929 926 993; x_wconf 84' lang='lat' dir='ltr'><strong>Haec</strong></span> <span class='ocrx_word' id='word_1_37' title='bbox 982 949 1132 992; x_wconf 88' lang='lat' dir='ltr'><strong>cum</strong></span> <span class='ocrx_word' id='word_1_38' title='bbox 1192 928 1303 992; x_wconf 91' lang='lat' dir='ltr'><strong>ille</strong></span> <span class='ocrx_word' id='word_1_39' title='bbox 1355 929 1689 1007; x_wconf 83' lang='lat' dir='ltr'><strong>dixisset,</strong></span> <span class='ocrx_word' id='word_1_40' title='bbox 1725 927 1913 1007; x_wconf 86' lang='lat' dir='ltr'><strong>Quid</strong></span> <span class='ocrx_word' id='word_1_41' title='bbox 1952 936 2101 1006; x_wconf 80' lang='lat' dir='ltr'><strong>est,</strong></span> <span class='ocrx_word' id='word_1_42' title='bbox 2151 929 2386 1013; x_wconf 90' lang='lat' dir='ltr'><strong>inquit,</strong></span> <span class='ocrx_word' id='word_1_43' title='bbox 2439 927 2696 1005; x_wconf 85' lang='lat' dir='ltr'><strong>Catule,</strong></span> 
     </span>
     <span class='ocr_line' id='line_1_7' title="bbox 512 1030 2699 1115; baseline -0.001 -19"><span class='ocrx_word' id='word_1_44' title='bbox 512 1030 789 1097; x_wconf 70' lang='lat' dir='ltr'><strong>Caesar?</strong></span> <span class='ocrx_word' id='word_1_45' title='bbox 835 1031 953 1094; x_wconf 89' lang='lat' dir='ltr'><strong>ubi</strong></span> <span class='ocrx_word' id='word_1_46' title='bbox 985 1037 1162 1108; x_wconf 89' lang='lat' dir='ltr'><strong>suut,</strong></span> <span class='ocrx_word' id='word_1_47' title='bbox 1189 1031 1306 1115; x_wconf 90' lang='lat' dir='ltr'><strong>qui</strong></span> <span class='ocrx_word' id='word_1_48' title='bbox 1338 1030 1702 1096; x_wconf 89' lang='lat' dir='ltr'><strong>Antonium</strong></span> <span class='ocrx_word' id='word_1_49' title='bbox 1729 1030 1966 1096; x_wconf 86' lang='lat' dir='ltr'><strong>Graece</strong></span> <span class='ocrx_word' id='word_1_50' title='bbox 1998 1037 2240 1114; x_wconf 87' lang='lat' dir='ltr'><strong>negant</strong></span> <span class='ocrx_word' id='word_1_51' title='bbox 2271 1032 2441 1095; x_wconf 87' lang='lat' dir='ltr'><strong>scire</strong></span> <span class='ocrx_word' id='word_1_52' title='bbox 2466 1033 2496 1095; x_wconf 77' lang='lat' dir='ltr'><strong>‘l</strong></span> <span class='ocrx_word' id='word_1_53' title='bbox 2544 1037 2699 1115; x_wconf 86' lang='lat' dir='ltr'><strong>quot</strong></span> 
     </span>
     <span class='ocr_line' id='line_1_8' title="bbox 507 1132 2699 1218; baseline -0 -20"><span class='ocrx_word' id='word_1_54' title='bbox 507 1134 868 1198; x_wconf 85' lang='lat' dir='ltr'><strong>historicos</strong></span> <span class='ocrx_word' id='word_1_55' title='bbox 917 1132 1329 1217; x_wconf 81' lang='lat' dir='ltr'><strong>nominavit!</strong></span> <span class='ocrx_word' id='word_1_56' title='bbox 1395 1154 1594 1217; x_wconf 87' lang='lat' dir='ltr'><strong>quam</strong></span> <span class='ocrx_word' id='word_1_57' title='bbox 1647 1135 1972 1200; x_wconf 86' lang='lat' dir='ltr'><strong>scienter!</strong></span> <span class='ocrx_word' id='word_1_58' title='bbox 2026 1134 2561 1218; x_wconf 79' lang='lat' dir='ltr'><strong>quamproprie</strong></span> <span class='ocrx_word' id='word_1_59' title='bbox 2621 1133 2699 1203; x_wconf 89' lang='lat' dir='ltr'><strong>de</strong></span> 
     </span>
     <span class='ocr_line' id='line_1_9' title="bbox 510 1235 2699 1321; baseline -0 -21"><span class='ocrx_word' id='word_1_60' title='bbox 510 1255 920 1320; x_wconf 88' lang='lat' dir='ltr'><strong>unoquoque</strong></span> <span class='ocrx_word' id='word_1_61' title='bbox 967 1236 1221 1300; x_wconf 63' lang='lat' dir='ltr'><strong>dixitv</strong></span> <span class='ocrx_word' id='word_1_62' title='bbox 1307 1235 1394 1300; x_wconf 91' lang='lat' dir='ltr'><strong>ld</strong></span> <span class='ocrx_word' id='word_1_63' title='bbox 1451 1237 1844 1315; x_wconf 86' lang='lat' dir='ltr'><strong>mehercule,</strong></span> <span class='ocrx_word' id='word_1_64' title='bbox 1891 1238 2103 1321; x_wconf 89' lang='lat' dir='ltr'><strong>inquit</strong></span> <span class='ocrx_word' id='word_1_65' title='bbox 2154 1236 2454 1313; x_wconf 81' lang='lat' dir='ltr'><strong>CatuluS‚</strong></span> <span class='ocrx_word' id='word_1_66' title='bbox 2493 1236 2699 1300; x_wconf 83' lang='lat' dir='ltr'><strong>admi-</strong></span> 
     </span>
     <span class='ocr_line' id='line_1_10' title="bbox 509 1338 2745 1427; baseline -0.002 -25"><span class='ocrx_word' id='word_1_67' title='bbox 509 1356 687 1416; x_wconf 82' lang='lat' dir='ltr'><strong>ranS,</strong></span> <span class='ocrx_word' id='word_1_68' title='bbox 714 1338 883 1401; x_wconf 85' lang='lat' dir='ltr'><strong>illud</strong></span> <span class='ocrx_word' id='word_1_69' title='bbox 907 1339 1050 1421; x_wconf 87' lang='lat' dir='ltr'><strong>jam</strong></span> <span class='ocrx_word' id='word_1_70' title='bbox 1086 1339 1596 1415; x_wconf 66' lang='lat' dir='ltr'><strong>mirari‘desinO,</strong></span> <span class='ocrx_word' id='word_1_71' title='bbox 1629 1339 1808 1422; x_wconf 86' lang='lat' dir='ltr'><strong>quod</strong></span> <span class='ocrx_word' id='word_1_72' title='bbox 1832 1341 2048 1427; x_wconf 42' lang='lat' dir='ltr'><strong>xmulto</strong></span> <span class='ocrx_word' id='word_1_73' title='bbox 2079 1339 2291 1420; x_wconf 88' lang='lat' dir='ltr'><strong>magis</strong></span> <span class='ocrx_word' id='word_1_74' title='bbox 2321 1347 2476 1402; x_wconf 87' lang='lat' dir='ltr'><strong>aute</strong></span> <span class='ocrx_word' id='word_1_75' title='bbox 2508 1339 2698 1402; x_wconf 85' lang='lat' dir='ltr'><strong>mira·</strong></span> <span class='ocrx_word' id='word_1_76' title='bbox 2740 1390 2745 1395; x_wconf 87' lang='grc'><strong><em>,</em></strong></span> 
     </span>
     <span class='ocr_line' id='line_1_11' title="bbox 508 1441 2698 1525; baseline 0.002 -22"><span class='ocrx_word' id='word_1_77' title='bbox 508 1441 651 1518; x_wconf 85' lang='lat' dir='ltr'><strong>bar,</strong></span> <span class='ocrx_word' id='word_1_78' title='bbox 701 1441 895 1517; x_wconf 85' lang='lat' dir='ltr'><strong>huno,</strong></span> <span class='ocrx_word' id='word_1_79' title='bbox 957 1461 1109 1504; x_wconf 89' lang='lat' dir='ltr'><strong>cum</strong></span> <span class='ocrx_word' id='word_1_80' title='bbox 1160 1441 1305 1505; x_wconf 84' lang='lat' dir='ltr'><strong>haec</strong></span> <span class='ocrx_word' id='word_1_81' title='bbox 1356 1442 1663 1520; x_wconf 88' lang='lat' dir='ltr'><strong>nesciret,</strong></span> <span class='ocrx_word' id='word_1_82' title='bbox 1721 1443 1787 1506; x_wconf 92' lang='lat' dir='ltr'><strong>in</strong></span> <span class='ocrx_word' id='word_1_83' title='bbox 1839 1441 2118 1506; x_wconf 87' lang='lat' dir='ltr'><strong>dicendo</strong></span> <span class='ocrx_word' id='word_1_84' title='bbox 2172 1461 2376 1525; x_wconf 88' lang='lat' dir='ltr'><strong>posse</strong></span> <span class='ocrx_word' id='word_1_85' title='bbox 2426 1446 2698 1508; x_wconf 84' lang='lat' dir='ltr'><strong>tantum.</strong></span> 
     </span>
     <span class='ocr_line' id='line_1_12' title="bbox 511 1538 2703 1628; baseline 0 -22"><span class='ocrx_word' id='word_1_86' title='bbox 511 1543 622 1625; x_wconf 84' lang='lat' dir='ltr'><strong>[p.</strong></span> <span class='ocrx_word' id='word_1_87' title='bbox 652 1542 833 1624; x_wconf 83' lang='lat'><strong>114.]</strong></span> <span class='ocrx_word' id='word_1_88' title='bbox 877 1540 1118 1627; x_wconf 87' lang='lat' dir='ltr'><strong>Atqui,</strong></span> <span class='ocrx_word' id='word_1_89' title='bbox 1167 1542 1425 1622; x_wconf 84' lang='lat' dir='ltr'><strong>Catule,</strong></span> <span class='ocrx_word' id='word_1_90' title='bbox 1467 1538 1689 1628; x_wconf 83' lang='lat' dir='ltr'><strong>inquit</strong></span> <span class='ocrx_word' id='word_1_91' title='bbox 1729 1543 2089 1622; x_wconf 89' lang='lat' dir='ltr'><strong>Antonius,</strong></span> <span class='ocrx_word' id='word_1_92' title='bbox 2137 1563 2270 1607; x_wconf 92' lang='lat' dir='ltr'><strong>non</strong></span> <span class='ocrx_word' id='word_1_93' title='bbox 2303 1563 2427 1625; x_wconf 88' lang='lat' dir='ltr'><strong>ego</strong></span> <span class='ocrx_word' id='word_1_94' title='bbox 2459 1543 2703 1607; x_wconf 82' lang='lat' dir='ltr'><strong>utilita-</strong></span> 
     </span>
     <span class='ocr_line' id='line_1_13' title="bbox 512 1644 2699 1729; baseline -0.001 -20"><span class='ocrx_word' id='word_1_95' title='bbox 512 1652 646 1709; x_wconf 90' lang='lat' dir='ltr'><strong>tem</strong></span> <span class='ocrx_word' id='word_1_96' title='bbox 675 1645 966 1729; x_wconf 84' lang='lat' dir='ltr'><strong>aliquam</strong></span> <span class='ocrx_word' id='word_1_97' title='bbox 999 1644 1082 1710; x_wconf 89' lang='lat' dir='ltr'><strong>ad</strong></span> <span class='ocrx_word' id='word_1_98' title='bbox 1115 1645 1471 1709; x_wconf 87' lang='lat' dir='ltr'><strong>dicendum</strong></span> <span class='ocrx_word' id='word_1_99' title='bbox 1502 1652 1895 1728; x_wconf 78' lang='lat' dir='ltr'><strong>aucupanS,‘</strong></span> <span class='ocrx_word' id='word_1_100' title='bbox 1924 1647 2153 1709; x_wconf 90' lang='lat' dir='ltr'><strong>horum</strong></span> <span class='ocrx_word' id='word_1_101' title='bbox 2186 1646 2413 1723; x_wconf 88' lang='lat' dir='ltr'><strong>libros,</strong></span> <span class='ocrx_word' id='word_1_102' title='bbox 2446 1650 2514 1708; x_wconf 92' lang='lat' dir='ltr'><strong>et</strong></span> <span class='ocrx_word' id='word_1_103' title='bbox 2543 1664 2699 1710; x_wconf 91' lang='lat' dir='ltr'><strong>nou-</strong></span> 
     </span>
     <span class='ocr_line' id='line_1_14' title="bbox 512 1745 2698 1828; baseline 0 -19"><span class='ocrx_word' id='word_1_104' title='bbox 512 1746 733 1811; x_wconf 88' lang='lat' dir='ltr'><strong>nullos</strong></span> <span class='ocrx_word' id='word_1_105' title='bbox 763 1747 961 1824; x_wconf 80' lang='lat' dir='ltr'><strong>alioS,</strong></span> <span class='ocrx_word' id='word_1_106' title='bbox 996 1745 1116 1809; x_wconf 91' lang='lat' dir='ltr'><strong>sed</strong></span> <span class='ocrx_word' id='word_1_107' title='bbox 1146 1746 1614 1811; x_wconf 84' lang='lat' dir='ltr'><strong>delectationis</strong></span> <span class='ocrx_word' id='word_1_108' title='bbox 1649 1766 1878 1824; x_wconf 85' lang='lat' dir='ltr'><strong>causa,</strong></span> <span class='ocrx_word' id='word_1_109' title='bbox 1905 1768 2059 1811; x_wconf 87' lang='lat' dir='ltr'><strong>cum</strong></span> <span class='ocrx_word' id='word_1_110' title='bbox 2080 1755 2186 1818; x_wconf 87' lang='lat' dir='ltr'><strong>est</strong></span> <span class='ocrx_word' id='word_1_111' title='bbox 2218 1748 2456 1823; x_wconf 84' lang='lat' dir='ltr'><strong>otium,</strong></span> <span class='ocrx_word' id='word_1_112' title='bbox 2487 1747 2698 1828; x_wconf 85' lang='lat' dir='ltr'><strong>legere</strong></span> 
     </span>
     <span class='ocr_line' id='line_1_15' title="bbox 514 1847 2700 1933; baseline 0 -21"><span class='ocrx_word' id='word_1_113' title='bbox 514 1850 723 1913; x_wconf 86' lang='lat' dir='ltr'><strong>soleo.</strong></span> <span class='ocrx_word' id='word_1_114' title='bbox 809 1849 917 1913; x_wconf 85' lang='lat'><strong>60.</strong></span> <span class='ocrx_word' id='word_1_115' title='bbox 966 1847 1149 1926; x_wconf 86' lang='lat' dir='ltr'><strong>Quid</strong></span> <span class='ocrx_word' id='word_1_116' title='bbox 1196 1869 1352 1932; x_wconf 89' lang='lat' dir='ltr'><strong>ergo</strong></span> <span class='ocrx_word' id='word_1_117' title='bbox 1398 1851 1554 1913; x_wconf 78' lang='lat' dir='ltr'><strong>est‘l</strong></span> <span class='ocrx_word' id='word_1_118' title='bbox 1600 1850 1942 1914; x_wconf 69' lang='lat' dir='ltr'><strong>fatebor-:³</strong></span> <span class='ocrx_word' id='word_1_119' title='bbox 1991 1848 2247 1933; x_wconf 87' lang='lat' dir='ltr'><strong>aliquid</strong></span> <span class='ocrx_word' id='word_1_120' title='bbox 2296 1856 2563 1912; x_wconf 85' lang='lat' dir='ltr'><strong>tamen:</strong></span> <span class='ocrx_word' id='word_1_121' title='bbox 2609 1854 2700 1929; x_wconf 90' lang='lat' dir='ltr'><strong>ut,</strong></span> 
     </span>
     <span class='ocr_line' id='line_1_16' title="bbox 516 1951 2698 2043; baseline -0.001 -27"><span class='ocrx_word' id='word_1_122' title='bbox 516 1971 670 2016; x_wconf 90' lang='lat' dir='ltr'><strong>cum</strong></span> <span class='ocrx_word' id='word_1_123' title='bbox 700 1951 768 2014; x_wconf 90' lang='lat' dir='ltr'><strong>in</strong></span> <span class='ocrx_word' id='word_1_124' title='bbox 805 1951 947 2014; x_wconf 89' lang='lat' dir='ltr'><strong>sole</strong></span> <span class='ocrx_word' id='word_1_125' title='bbox 987 1951 1342 2028; x_wconf 90' lang='lat' dir='ltr'><strong>ambulem,</strong></span> <span class='ocrx_word' id='word_1_126' title='bbox 1381 1952 1651 2043; x_wconf 84' lang='lat' dir='ltr'><strong>etiamsi</strong></span> <span class='ocrx_word' id='word_1_127' title='bbox 1684 1952 1879 2016; x_wconf 86' lang='lat' dir='ltr'><strong>aliam</strong></span> <span class='ocrx_word' id='word_1_128' title='bbox 1915 1952 2011 2016; x_wconf 71' lang='lat' dir='ltr'><strong>ob&#39;</strong></span> <span class='ocrx_word' id='word_1_129' title='bbox 2035 1971 2311 2017; x_wconf 86' lang='lat' dir='ltr'><strong>causam</strong></span> <span class='ocrx_word' id='word_1_130' title='bbox 2344 1951 2698 2027; x_wconf 87' lang='lat' dir='ltr'><strong>ambulem,</strong></span> 
     </span>
     <span class='ocr_line' id='line_1_17' title="bbox 514 2052 2696 2134; baseline -0 -17"><span class='ocrx_word' id='word_1_131' title='bbox 514 2053 660 2117; x_wconf 88' lang='lat' dir='ltr'><strong>fieri</strong></span> <span class='ocrx_word' id='word_1_132' title='bbox 683 2062 918 2117; x_wconf 88' lang='lat' dir='ltr'><strong>natura</strong></span> <span class='ocrx_word' id='word_1_133' title='bbox 947 2059 1189 2132; x_wconf 85' lang='lat' dir='ltr'><strong>tamen,</strong></span> <span class='ocrx_word' id='word_1_134' title='bbox 1220 2060 1295 2118; x_wconf 90' lang='lat' dir='ltr'><strong>ut</strong></span> <span class='ocrx_word' id='word_1_135' title='bbox 1323 2054 1614 2118; x_wconf 74' lang='lat' dir='ltr'><strong>coloret·</strong></span> <span class='ocrx_word' id='word_1_136' title='bbox 1598 2102 1616 2134; x_wconf 89' lang='lat'>‚</span> <span class='ocrx_word' id='word_1_137' title='bbox 1665 2055 1788 2133; x_wconf 88' lang='lat' dir='ltr'><strong>sic,</strong></span> <span class='ocrx_word' id='word_1_138' title='bbox 1820 2074 1972 2119; x_wconf 89' lang='lat' dir='ltr'><strong>cum</strong></span> <span class='ocrx_word' id='word_1_139' title='bbox 2005 2056 2175 2119; x_wconf 87' lang='lat' dir='ltr'><strong>istos</strong></span> <span class='ocrx_word' id='word_1_140' title='bbox 2209 2056 2418 2118; x_wconf 89' lang='lat' dir='ltr'><strong>libros</strong></span> <span class='ocrx_word' id='word_1_141' title='bbox 2451 2053 2540 2117; x_wconf 87' lang='lat' dir='ltr'><strong>ad</strong></span> <span class='ocrx_word' id='word_1_142' title='bbox 2576 2052 2696 2116; x_wconf 92' lang='lat' dir='ltr'><strong>Mi-</strong></span> 
     </span>
     <span class='ocr_line' id='line_1_18' title="bbox 518 2155 2699 2240; baseline -0.001 -19"><span class='ocrx_word' id='word_1_143' title='bbox 518 2161 840 2222; x_wconf 73' lang='lat' dir='ltr'><strong>senum&#39;‘⁶</strong></span> <span class='ocrx_word' id='word_1_144' title='bbox 883 2157 1076 2240; x_wconf 88' lang='lat' dir='ltr'><strong>(uam</strong></span> <span class='ocrx_word' id='word_1_145' title='bbox 1101 2155 1374 2221; x_wconf 87' lang='lat' dir='ltr'><strong>Romae</strong></span> <span class='ocrx_word' id='word_1_146' title='bbox 1378 2157 1495 2220; x_wconf 85' lang='lat' dir='ltr'><strong>vix</strong></span> <span class='ocrx_word' id='word_1_147' title='bbox 1528 2157 1709 2236; x_wconf 91' lang='lat' dir='ltr'><strong>licet)</strong></span> <span class='ocrx_word' id='word_1_148' title='bbox 1741 2158 2113 2221; x_wconf 81' lang='lat' dir='ltr'><strong>studiosius</strong></span> <span class='ocrx_word' id='word_1_149' title='bbox 2141 2159 2466 2240; x_wconf 57' lang='lat' dir='ltr'><strong>legerim*</strong></span> <span class='ocrx_word' id='word_1_150' title='bbox 2493 2156 2699 2219; x_wconf 89' lang='lat' dir='ltr'><strong>sentio</strong></span> 
     </span>
     <span class='ocr_line' id='line_1_19' title="bbox 444 2254 2698 2344; baseline -0.002 -19"><span class='ocrx_word' id='word_1_151' title='bbox 444 2301 446 2304; x_wconf 35' lang='lat'><em>⁴</em></span> <span class='ocrx_word' id='word_1_152' title='bbox 518 2254 886 2325; x_wconf 84' lang='lat' dir='ltr'><strong>orationem</strong></span> <span class='ocrx_word' id='word_1_153' title='bbox 928 2280 1142 2325; x_wconf 88' lang='lat' dir='ltr'><strong>meam</strong></span> <span class='ocrx_word' id='word_1_154' title='bbox 1188 2260 1450 2324; x_wconf 88' lang='lat' dir='ltr'><strong>illorum</strong></span> <span class='ocrx_word' id='word_1_155' title='bbox 1503 2266 1740 2325; x_wconf 86' lang='lat' dir='ltr'><strong>tactu</strong></span> <span class='ocrx_word' id='word_1_156' title='bbox 1787 2262 1981 2344; x_wconf 85' lang='lat' dir='ltr'><strong>quasi</strong></span> <span class='ocrx_word' id='word_1_157' title='bbox 2026 2260 2339 2325; x_wconf 86' lang='lat' dir='ltr'><strong>colorari.</strong></span> <span class='ocrx_word' id='word_1_158' title='bbox 2429 2259 2566 2323; x_wconf 90' lang='lat' dir='ltr'><strong>Sed</strong></span> <span class='ocrx_word' id='word_1_159' title='bbox 2625 2254 2698 2322; x_wconf 84' lang='lat' dir='ltr'><strong>ne</strong></span> 
     </span>
     <span class='ocr_line' id='line_1_20' title="bbox 516 2360 2699 2447; baseline -0.001 -20"><span class='ocrx_word' id='word_1_160' title='bbox 516 2362 717 2427; x_wconf 87' lang='lat' dir='ltr'><strong>latius</strong></span> <span class='ocrx_word' id='word_1_161' title='bbox 757 2362 882 2427; x_wconf 93' lang='lat' dir='ltr'><strong>hoc</strong></span> <span class='ocrx_word' id='word_1_162' title='bbox 927 2363 1121 2427; x_wconf 87' lang='lat' dir='ltr'><strong>vobis</strong></span> <span class='ocrx_word' id='word_1_163' title='bbox 1160 2370 1391 2447; x_wconf 86' lang='lat' dir='ltr'><strong>patere</strong></span> <span class='ocrx_word' id='word_1_164' title='bbox 1424 2364 1779 2441; x_wconf 50' lang='lat' dir='ltr'><strong>videatur?</strong></span> <span class='ocrx_word' id='word_1_165' title='bbox 1807 2363 1953 2429; x_wconf 88' lang='lat' dir='ltr'><strong>haec</strong></span> <span class='ocrx_word' id='word_1_166' title='bbox 1985 2363 2359 2428; x_wconf 85' lang='lat' dir='ltr'><strong>duntaxat</strong></span> <span class='ocrx_word' id='word_1_167' title='bbox 2341 2383 2409 2426; x_wconf 78' lang='lat' dir='ltr'><strong>ln</strong></span> <span class='ocrx_word' id='word_1_168' title='bbox 2444 2360 2699 2426; x_wconf 86' lang='lat' dir='ltr'><strong>Graecis</strong></span> 
     </span>
    </p>
   </div>
   <div class='ocr_carea' id='block_1_3' title="bbox 517 2464 2698 2554">
    <p class='ocr_par' dir='ltr' id='par_1_4' title="bbox 517 2464 2698 2554">
     <span class='ocr_line' id='line_1_21' title="bbox 517 2464 2698 2554; baseline -0.002 -23"><span class='ocrx_word' id='word_1_169' title='bbox 517 2465 838 2550; x_wconf 87' lang='lat' dir='ltr'><strong>intelligo,</strong></span> <span class='ocrx_word' id='word_1_170' title='bbox 883 2486 1038 2551; x_wconf 85' lang='lat' dir='ltr'><strong>quae</strong></span> <span class='ocrx_word' id='word_1_171' title='bbox 1096 2467 1253 2550; x_wconf 88' lang='lat' dir='ltr'><strong>ipsi,</strong></span> <span class='ocrx_word' id='word_1_172' title='bbox 1305 2467 1437 2554; x_wconf 75' lang='lat' dir='ltr'><strong>qui·</strong></span> <span class='ocrx_word' id='word_1_173' title='bbox 1483 2468 1918 2552; x_wconf 85' lang='lat' dir='ltr'><strong>scripserunt,</strong></span> <span class='ocrx_word' id='word_1_174' title='bbox 1970 2468 2319 2533; x_wconf 87' lang='lat' dir='ltr'><strong>voluerunt</strong></span> <span class='ocrx_word' id='word_1_175' title='bbox 2363 2486 2433 2532; x_wconf 82' lang='lat' dir='ltr'><strong>a</strong></span> <span class='ocrx_word' id='word_1_176' title='bbox 2464 2464 2698 2548; x_wconf 81' lang='lat' dir='ltr'><strong>vulgo⁵</strong></span> 
     </span>
    </p>
   </div>
   <div class='ocr_carea' id='block_1_4' title="bbox 523 2631 2470 2840">
    <p class='ocr_par' dir='ltr' id='par_1_5' title="bbox 523 2631 2470 2840">
     <span class='ocr_line' id='line_1_22' title="bbox 581 2631 2470 2715; baseline 0.001 -17"><span class='ocrx_word' id='word_1_177' title='bbox 581 2658 602 2683; x_wconf 77' lang='lat'><em>⁸</em></span> <span class='ocrx_word' id='word_1_178' title='bbox 638 2631 1047 2712; x_wconf 65' lang='lat' dir='ltr'><strong>Qnaineleganter</strong></span> <span class='ocrx_word' id='word_1_179' title='bbox 1067 2649 1198 2699; x_wconf 75' lang='lat' dir='ltr'><strong>dixit</strong></span> <span class='ocrx_word' id='word_1_180' title='bbox 1214 2666 1318 2714; x_wconf 81' lang='lat' dir='ltr'><strong>quoe</strong></span> <span class='ocrx_word' id='word_1_181' title='bbox 1335 2650 1534 2714; x_wconf 80' lang='lat' dir='ltr'><strong>propria</strong></span> <span class='ocrx_word' id='word_1_182' title='bbox 1551 2650 1770 2715; x_wconf 62' lang='lat' dir='ltr'><strong>cuiusque</strong></span> <span class='ocrx_word' id='word_1_183' title='bbox 1796 2652 1952 2701; x_wconf 78' lang='lat' dir='ltr'><strong>virtus</strong></span> <span class='ocrx_word' id='word_1_184' title='bbox 1971 2651 2023 2700; x_wconf 80' lang='lat' dir='ltr'><strong>in</strong></span> <span class='ocrx_word' id='word_1_185' title='bbox 2043 2650 2429 2707; x_wconf 73' lang='lat' dir='ltr'><strong>scribendosoret</strong></span> <span class='ocrx_word' id='word_1_186' title='bbox 2443 2648 2470 2699; x_wconf 72' lang='lat' dir='ltr'><em>l</em></span> 
     </span>
     <span class='ocr_line' id='line_1_23' title="bbox 523 2715 2331 2781; baseline 0 -18"><span class='ocrx_word' id='word_1_187' title='bbox 523 2729 528 2734; x_wconf 87' lang='lat'><strong>·</strong></span> <span class='ocrx_word' id='word_1_188' title='bbox 582 2717 600 2748; x_wconf 69' lang='lat'>⁸</span> <span class='ocrx_word' id='word_1_189' title='bbox 627 2715 880 2771; x_wconf 56' lang='lat' dir='ltr'><strong>Quaerens.</strong></span> <span class='ocrx_word' id='word_1_190' title='bbox 1268 2724 1297 2748; x_wconf 74' lang='lat'><strong>¹⁶</strong></span> <span class='ocrx_word' id='word_1_191' title='bbox 1328 2716 1391 2765; x_wconf 81' lang='lat' dir='ltr'><strong>In</strong></span> <span class='ocrx_word' id='word_1_192' title='bbox 1412 2718 1528 2766; x_wconf 78' lang='lat' dir='ltr'><strong>villa</strong></span> <span class='ocrx_word' id='word_1_193' title='bbox 1549 2732 1668 2779; x_wconf 81' lang='lat' dir='ltr'><strong>mea,</strong></span> <span class='ocrx_word' id='word_1_194' title='bbox 1688 2733 1792 2781; x_wconf 81' lang='lat' dir='ltr'><strong>quoe</strong></span> <span class='ocrx_word' id='word_1_195' title='bbox 1813 2722 1887 2766; x_wconf 80' lang='lat' dir='ltr'><strong>est</strong></span> <span class='ocrx_word' id='word_1_196' title='bbox 1901 2731 2046 2780; x_wconf 82' lang='lat' dir='ltr'><strong>prope</strong></span> <span class='ocrx_word' id='word_1_197' title='bbox 2067 2715 2331 2765; x_wconf 80' lang='lat' dir='ltr'><strong>Misenum.&#39;</strong></span> 
     </span>
     <span class='ocr_line' id='line_1_24' title="bbox 581 2780 1926 2840; baseline 0.001 -12"><span class='ocrx_word' id='word_1_198' title='bbox 581 2788 607 2812; x_wconf 76' lang='grc'><em>·</em></span> <span class='ocrx_word' id='word_1_199' title='bbox 634 2780 832 2840; x_wconf 75' lang='lat' dir='ltr'><strong>Illorum</strong></span> <span class='ocrx_word' id='word_1_200' title='bbox 848 2780 1058 2829; x_wconf 77' lang='lat' dir='ltr'><strong>oratione</strong></span> <span class='ocrx_word' id='word_1_201' title='bbox 1078 2780 1230 2829; x_wconf 70' lang='lat' dir='ltr'><strong>suevi.</strong></span> <span class='ocrx_word' id='word_1_202' title='bbox 1427 2797 1428 2800; x_wconf 46' lang='lat'>¹</span> <span class='ocrx_word' id='word_1_203' title='bbox 1922 2808 1926 2812; x_wconf 94' lang='lat'>-</span> 
     </span>
    </p>
   </div>
   <div class='ocr_carea' id='block_1_5' title="bbox 582 2842 2402 2911">
    <p class='ocr_par' dir='ltr' id='par_1_6' title="bbox 582 2842 2402 2911">
     <span class='ocr_line' id='line_1_25' title="bbox 582 2842 2402 2911; baseline -0.002 -16"><span class='ocrx_word' id='word_1_204' title='bbox 582 2852 618 2878; x_wconf 79' lang='lat'><strong>²⁰</strong></span> <span class='ocrx_word' id='word_1_205' title='bbox 633 2863 636 2868; x_wconf 90' lang='lat'><em>·</em></span> <span class='ocrx_word' id='word_1_206' title='bbox 651 2845 747 2895; x_wconf 81' lang='lat' dir='ltr'><strong>Sed</strong></span> <span class='ocrx_word' id='word_1_207' title='bbox 768 2861 825 2895; x_wconf 85' lang='lat' dir='ltr'><strong>ne</strong></span> <span class='ocrx_word' id='word_1_208' title='bbox 844 2861 917 2895; x_wconf 87' lang='lat' dir='ltr'><strong>me</strong></span> <span class='ocrx_word' id='word_1_209' title='bbox 938 2846 1184 2896; x_wconf 77' lang='lat' dir='ltr'><strong>literarum</strong></span> <span class='ocrx_word' id='word_1_210' title='bbox 1209 2845 1488 2896; x_wconf 60' lang='lat' dir='ltr'><strong>Graecarum</strong></span> <span class='ocrx_word' id='word_1_211' title='bbox 1507 2847 1687 2911; x_wconf 73' lang='lat' dir='ltr'><strong>putetis</strong></span> <span class='ocrx_word' id='word_1_212' title='bbox 1707 2862 1805 2896; x_wconf 75' lang='lat' dir='ltr'><strong>esse</strong></span> <span class='ocrx_word' id='word_1_213' title='bbox 1821 2846 2116 2911; x_wconf 77' lang='lat' dir='ltr'><strong>peritiorem,</strong></span> <span class='ocrx_word' id='word_1_214' title='bbox 2136 2858 2275 2908; x_wconf 70' lang='lat' dir='ltr'><strong>quam</strong></span> <span class='ocrx_word' id='word_1_215' title='bbox 2293 2842 2402 2893; x_wconf 80' lang='lat' dir='ltr'><strong>sim.</strong></span> 
     </span>
    </p>
   </div>
   <div class='ocr_carea' id='block_1_6' title="bbox 1438 2966 1470 2986">
    <p class='ocr_par' dir='ltr' id='par_1_7' title="bbox 1438 2966 1470 2986">
     <span class='ocr_line' id='line_1_26' title="bbox 1438 2966 1470 2986; baseline 0 0"><span class='ocrx_word' id='word_1_216' title='bbox 1438 2966 1470 2986; x_wconf 70' lang='lat'><em>0</em></span> 
     </span>
    </p>
   </div>
   <div class='ocr_carea' id='block_1_7' title="bbox 1470 2966 1682 2988">
    <p class='ocr_par' dir='ltr' id='par_1_8' title="bbox 1470 2966 1682 2988">
     <span class='ocr_line' id='line_1_27' title="bbox 1470 2966 1682 2988; baseline 0 1954"><span class='ocrx_word' id='word_1_217' title='bbox 1470 2966 1682 2988; x_wconf 95' lang='lat' dir='ltr'><strong> </strong></span> 
     </span>
    </p>
   </div>
   <div class='ocr_carea' id='block_1_8' title="bbox 1684 2968 1802 2988">
    <p class='ocr_par' dir='ltr' id='par_1_9' title="bbox 1684 2968 1802 2988">
     <span class='ocr_line' id='line_1_28' title="bbox 1684 2968 1802 2988; baseline 0 0"><span class='ocrx_word' id='word_1_218' title='bbox 1684 2968 1802 2988; x_wconf 64' lang='grc' dir='ltr'><em>Μ</em></span> 
     </span>
    </p>
   </div>
   <div class='ocr_carea' id='block_1_9' title="bbox 523 3037 2708 3129">
    <p class='ocr_par' dir='ltr' id='par_1_10' title="bbox 523 3037 2708 3129">
     <span class='ocr_line' id='line_1_29' title="bbox 523 3037 2708 3129; baseline 0 -13"><span class='ocrx_word' id='word_1_219' title='bbox 523 3066 758 3116; x_wconf 76' lang='lat' dir='ltr'><strong>omissum</strong></span> <span class='ocrx_word' id='word_1_220' title='bbox 782 3066 835 3114; x_wconf 90' lang='lat' dir='ltr'><strong>in</strong></span> <span class='ocrx_word' id='word_1_221' title='bbox 858 3065 1057 3129; x_wconf 77' lang='lat' dir='ltr'><strong>aliquot</strong></span> <span class='ocrx_word' id='word_1_222' title='bbox 1078 3064 1231 3114; x_wconf 85' lang='lat' dir='ltr'><strong>codd.</strong></span> <span class='ocrx_word' id='word_1_223' title='bbox 1254 3080 1336 3129; x_wconf 82' lang='lat' dir='ltr'><strong>ap.</strong></span> <span class='ocrx_word' id='word_1_224' title='bbox 1364 3037 1510 3116; x_wconf 81' lang='lat' dir='ltr'><strong>Orell</strong></span> <span class='ocrx_word' id='word_1_225' title='bbox 1516 3072 1627 3116; x_wconf 85' lang='lat'><strong>.—2</strong></span> <span class='ocrx_word' id='word_1_226' title='bbox 1661 3069 1823 3116; x_wconf 83' lang='lat' dir='ltr'><strong>Totus</strong></span> <span class='ocrx_word' id='word_1_227' title='bbox 1859 3067 1943 3115; x_wconf 87' lang='lat' dir='ltr'><strong>hic</strong></span> <span class='ocrx_word' id='word_1_228' title='bbox 1974 3066 2139 3129; x_wconf 83' lang='lat' dir='ltr'><strong>locus,</strong></span> <span class='ocrx_word' id='word_1_229' title='bbox 2177 3073 2225 3116; x_wconf 83' lang='lat' dir='ltr'><strong>et</strong></span> <span class='ocrx_word' id='word_1_230' title='bbox 2258 3080 2419 3115; x_wconf 77' lang='lat' dir='ltr'><strong>rerum</strong></span> <span class='ocrx_word' id='word_1_231' title='bbox 2444 3082 2490 3116; x_wconf 83' lang='lat' dir='ltr'><strong>c.</strong></span> <span class='ocrx_word' id='word_1_232' title='bbox 2527 3072 2578 3115; x_wconf 79' lang='lat' dir='ltr'><strong>et</strong></span> <span class='ocrx_word' id='word_1_233' title='bbox 2608 3081 2646 3115; x_wconf 76' lang='lat' dir='ltr'><strong>s.</strong></span> <span class='ocrx_word' id='word_1_234' title='bbox 2666 3083 2708 3116; x_wconf 71' lang='lat' dir='ltr'><strong>e.</strong></span> 
     </span>
    </p>
   </div>
   <div class='ocr_carea' id='block_1_10' title="bbox 524 3117 2783 3191">
    <p class='ocr_par' dir='ltr' id='par_1_11' title="bbox 524 3117 2783 3191">
     <span class='ocr_line' id='line_1_30' title="bbox 524 3117 2783 3191; baseline -0.001 -10"><span class='ocrx_word' id='word_1_235' title='bbox 524 3130 973 3187; x_wconf 76' lang='lat' dir='ltr'><strong>abundantissimus,</strong></span> <span class='ocrx_word' id='word_1_236' title='bbox 1007 3131 1154 3179; x_wconf 81' lang='lat' dir='ltr'><strong>abest</strong></span> <span class='ocrx_word' id='word_1_237' title='bbox 1198 3146 1229 3179; x_wconf 85' lang='lat' dir='ltr'><strong>a</strong></span> <span class='ocrx_word' id='word_1_238' title='bbox 1272 3130 1390 3182; x_wconf 85' lang='lat' dir='ltr'><strong>cod.</strong></span> <span class='ocrx_word' id='word_1_239' title='bbox 1427 3132 1536 3181; x_wconf 86' lang='lat' dir='ltr'><strong>Erl.</strong></span> <span class='ocrx_word' id='word_1_240' title='bbox 1563 3136 1608 3179; x_wconf 90' lang='lat'><strong>1.</strong></span> <span class='ocrx_word' id='word_1_241' title='bbox 1674 3132 1822 3191; x_wconf 86' lang='lat' dir='ltr'><strong>Mox,</strong></span> <span class='ocrx_word' id='word_1_242' title='bbox 1854 3132 2008 3181; x_wconf 86' lang='lat' dir='ltr'><strong>idem</strong></span> <span class='ocrx_word' id='word_1_243' title='bbox 2046 3134 2211 3184; x_wconf 83' lang='lat' dir='ltr'><strong>codex</strong></span> <span class='ocrx_word' id='word_1_244' title='bbox 2246 3117 2437 3187; x_wconf 82' lang='lat' dir='ltr'><strong>habet,</strong></span> <span class='ocrx_word' id='word_1_245' title='bbox 2454 3132 2583 3182; x_wconf 81' lang='lat' dir='ltr'><strong>verb.</strong></span> <span class='ocrx_word' id='word_1_246' title='bbox 2622 3146 2706 3180; x_wconf 81' lang='grc' dir='ltr'><strong><em>ιιοιι</em></strong></span> <span class='ocrx_word' id='word_1_247' title='bbox 2780 3127 2783 3134; x_wconf 83' lang='grc'><em>“</em></span> 
     </span>
    </p>
   </div>
   <div class='ocr_carea' id='block_1_11' title="bbox 514 3168 2710 3655">
    <p class='ocr_par' dir='ltr' id='par_1_12' title="bbox 514 3168 2708 3655">
     <span class='ocr_line' id='line_1_31' title="bbox 524 3168 2706 3257; baseline 0 -14"><span class='ocrx_word' id='word_1_248' title='bbox 524 3196 873 3257; x_wconf 69' lang='lat' dir='ltr'><strong>incompositus,</strong></span> <span class='ocrx_word' id='word_1_249' title='bbox 910 3210 1151 3257; x_wconf 81' lang='lat' dir='ltr'><strong>magnam,</strong></span> <span class='ocrx_word' id='word_1_250' title='bbox 1180 3193 1356 3257; x_wconf 46' lang='grc' dir='ltr'><strong>ὁμὴ-43</strong></span> <span class='ocrx_word' id='word_1_251' title='bbox 1391 3196 1572 3246; x_wconf 78' lang='lat' dir='ltr'><strong>Lamb.</strong></span> <span class='ocrx_word' id='word_1_252' title='bbox 1577 3196 1758 3255; x_wconf 78' lang='lat' dir='ltr'><strong>fateor.</strong></span> <span class='ocrx_word' id='word_1_253' title='bbox 1807 3168 1943 3246; x_wconf 63' lang='lat' dir='ltr'><strong>&#39;Etim</strong></span> <span class='ocrx_word' id='word_1_254' title='bbox 1967 3198 2051 3246; x_wconf 88' lang='lat' dir='ltr'><strong>W.</strong></span> <span class='ocrx_word' id='word_1_255' title='bbox 2076 3214 2118 3245; x_wconf 74' lang='lat' dir='ltr'><strong>s·</strong></span> <span class='ocrx_word' id='word_1_256' title='bbox 2143 3198 2176 3246; x_wconf 89' lang='lat' dir='ltr'><strong>l.</strong></span> <span class='ocrx_word' id='word_1_257' title='bbox 2200 3205 2253 3246; x_wconf 85' lang='lat' dir='ltr'><strong>et</strong></span> <span class='ocrx_word' id='word_1_258' title='bbox 2276 3212 2323 3244; x_wconf 82' lang='lat' dir='ltr'><strong>a.</strong></span> <span class='ocrx_word' id='word_1_259' title='bbox 2348 3179 2492 3257; x_wconf 78' lang='lat' dir='ltr'><strong>Lips.</strong></span> <span class='ocrx_word' id='word_1_260' title='bbox 2526 3196 2706 3249; x_wconf 80' lang='lat' dir='ltr'><strong>Pearc·</strong></span> 
     </span>
     <span class='ocr_line' id='line_1_32' title="bbox 514 3260 2706 3336; baseline -0 -26"><span class='ocrx_word' id='word_1_261' title='bbox 514 3260 711 3320; x_wconf 80' lang='lat' dir='ltr'><strong>fatebor</strong></span> <span class='ocrx_word' id='word_1_262' title='bbox 731 3260 933 3321; x_wconf 76' lang='lat' dir='ltr'><strong>aliquid,</strong></span> <span class='ocrx_word' id='word_1_263' title='bbox 957 3261 1039 3320; x_wconf 70' lang='grc' dir='ltr'><strong>ᾄτ.</strong></span> <span class='ocrx_word' id='word_1_264' title='bbox 1085 3260 1270 3309; x_wconf 85' lang='lat' dir='ltr'><strong>Peare.</strong></span> <span class='ocrx_word' id='word_1_265' title='bbox 1294 3260 1344 3309; x_wconf 90' lang='lat' dir='ltr'><strong>in</strong></span> <span class='ocrx_word' id='word_1_266' title='bbox 1369 3260 1453 3309; x_wconf 86' lang='lat' dir='ltr'><strong>ed.</strong></span> <span class='ocrx_word' id='word_1_267' title='bbox 1474 3267 1522 3310; x_wconf 97' lang='lat'><strong>5.</strong></span> <span class='ocrx_word' id='word_1_268' title='bbox 1592 3262 1722 3317; x_wconf 71' lang='lat' dir='ltr'><strong>Quid</strong></span> <span class='ocrx_word' id='word_1_269' title='bbox 1744 3268 1890 3322; x_wconf 76' lang='lat' dir='ltr'><strong>ergo?</strong></span> <span class='ocrx_word' id='word_1_270' title='bbox 1941 3264 2052 3325; x_wconf 75' lang='lat' dir='ltr'><strong>Est,</strong></span> <span class='ocrx_word' id='word_1_271' title='bbox 2074 3262 2255 3322; x_wconf 81' lang='lat' dir='ltr'><strong>fateor,</strong></span> <span class='ocrx_word' id='word_1_272' title='bbox 2295 3261 2500 3323; x_wconf 79' lang='lat' dir='ltr'><strong>aliquid,</strong></span> <span class='ocrx_word' id='word_1_273' title='bbox 2533 3264 2706 3336; x_wconf 58' lang='lat' dir='ltr'><strong>&amp;en—4</strong></span> 
     </span>
     <span class='ocr_line' id='line_1_33' title="bbox 524 3324 2706 3386; baseline 0 -13"><span class='ocrx_word' id='word_1_274' title='bbox 524 3326 671 3374; x_wconf 62' lang='grc' dir='ltr'><strong>’.ΕΗ</strong></span> <span class='ocrx_word' id='word_1_275' title='bbox 696 3328 741 3372; x_wconf 92' lang='lat' dir='ltr'><strong>l.</strong></span> <span class='ocrx_word' id='word_1_276' title='bbox 769 3326 968 3386; x_wconf 83' lang='lat' dir='ltr'><strong>legero,·</strong></span> <span class='ocrx_word' id='word_1_277' title='bbox 1002 3324 1166 3373; x_wconf 84' lang='lat' dir='ltr'><strong>minus</strong></span> <span class='ocrx_word' id='word_1_278' title='bbox 1191 3324 1370 3375; x_wconf 57' lang='lat' dir='ltr'><strong>rectess</strong></span> <span class='ocrx_word' id='word_1_279' title='bbox 1402 3325 1552 3374; x_wconf 80' lang='lat' dir='ltr'><strong>Harl.</strong></span> <span class='ocrx_word' id='word_1_280' title='bbox 1611 3327 1758 3381; x_wconf 86' lang='lat' dir='ltr'><strong>Mox.</strong></span> <span class='ocrx_word' id='word_1_281' title='bbox 1791 3327 1925 3375; x_wconf 85' lang='lat' dir='ltr'><strong>idem</strong></span> <span class='ocrx_word' id='word_1_282' title='bbox 1961 3329 2124 3376; x_wconf 82' lang='lat' dir='ltr'><strong>codex</strong></span> <span class='ocrx_word' id='word_1_283' title='bbox 2150 3327 2346 3375; x_wconf 72' lang='lat' dir='ltr'><strong>illorum</strong></span> <span class='ocrx_word' id='word_1_284' title='bbox 2376 3330 2507 3374; x_wconf 76' lang='lat' dir='ltr'><strong>tactu</strong></span> <span class='ocrx_word' id='word_1_285' title='bbox 2541 3325 2706 3375; x_wconf 78' lang='lat' dir='ltr'><strong>oratio-</strong></span> 
     </span>
     <span class='ocr_line' id='line_1_34' title="bbox 522 3389 2710 3455; baseline -0.001 -15"><span class='ocrx_word' id='word_1_286' title='bbox 522 3405 629 3440; x_wconf 79' lang='lat' dir='ltr'><strong>nem</strong></span> <span class='ocrx_word' id='word_1_287' title='bbox 648 3404 833 3447; x_wconf 82' lang='lat' dir='ltr'><strong>meam,·</strong></span> <span class='ocrx_word' id='word_1_288' title='bbox 867 3389 1001 3438; x_wconf 88' lang='lat' dir='ltr'><strong>unde</strong></span> <span class='ocrx_word' id='word_1_289' title='bbox 1025 3390 1295 3439; x_wconf 74' lang='lat' dir='ltr'><strong>Ernestius</strong></span> <span class='ocrx_word' id='word_1_290' title='bbox 1318 3395 1450 3439; x_wconf 80' lang='lat' dir='ltr'><strong>tactu</strong></span> <span class='ocrx_word' id='word_1_291' title='bbox 1473 3392 1704 3440; x_wconf 81' lang='lat' dir='ltr'><strong>restituit</strong></span> <span class='ocrx_word' id='word_1_292' title='bbox 1727 3406 1821 3455; x_wconf 85' lang='lat' dir='ltr'><strong>pro</strong></span> <span class='ocrx_word' id='word_1_293' title='bbox 1853 3393 1991 3454; x_wconf 83' lang='lat' dir='ltr'><strong>vnlg.</strong></span> <span class='ocrx_word' id='word_1_294' title='bbox 2022 3397 2179 3440; x_wconf 76' lang='lat' dir='ltr'><strong>contu.</strong></span> <span class='ocrx_word' id='word_1_295' title='bbox 2244 3391 2261 3417; x_wconf 88' lang='lat'>‘</span> <span class='ocrx_word' id='word_1_296' title='bbox 2287 3390 2351 3438; x_wconf 91' lang='lat' dir='ltr'><strong>In</strong></span> <span class='ocrx_word' id='word_1_297' title='bbox 2376 3391 2607 3453; x_wconf 77' lang='lat' dir='ltr'><strong>margine</strong></span> <span class='ocrx_word' id='word_1_298' title='bbox 2627 3404 2710 3439; x_wconf 83' lang='lat' dir='ltr'><strong>ex-</strong></span> 
     </span>
     <span class='ocr_line' id='line_1_35' title="bbox 524 3453 2681 3520; baseline -0.001 -14"><span class='ocrx_word' id='word_1_299' title='bbox 524 3455 681 3517; x_wconf 75' lang='lat' dir='ltr'><strong>empli</strong></span> <span class='ocrx_word' id='word_1_300' title='bbox 724 3455 826 3503; x_wconf 86' lang='lat' dir='ltr'><strong>mei</strong></span> <span class='ocrx_word' id='word_1_301' title='bbox 872 3453 1052 3501; x_wconf 76' lang='lat' dir='ltr'><strong>Lamb.</strong></span> <span class='ocrx_word' id='word_1_302' title='bbox 1096 3459 1243 3503; x_wconf 81' lang='lat'><strong>1566.</strong></span> <span class='ocrx_word' id='word_1_303' title='bbox 1285 3456 1360 3503; x_wconf 86' lang='lat' dir='ltr'><strong>vir</strong></span> <span class='ocrx_word' id='word_1_304' title='bbox 1402 3455 1588 3506; x_wconf 83' lang='lat' dir='ltr'><strong>doctus</strong></span> <span class='ocrx_word' id='word_1_305' title='bbox 1631 3458 1895 3520; x_wconf 80' lang='lat' dir='ltr'><strong>ascripsit,</strong></span> <span class='ocrx_word' id='word_1_306' title='bbox 1943 3457 2108 3505; x_wconf 78' lang='lat' dir='ltr'><strong>‘alias</strong></span> <span class='ocrx_word' id='word_1_307' title='bbox 2143 3460 2310 3514; x_wconf 74' lang='lat' dir='ltr'><strong>stotu3</strong></span> <span class='ocrx_word' id='word_1_308' title='bbox 2343 3455 2471 3503; x_wconf 76' lang='lat' dir='ltr'><strong>alias</strong></span> <span class='ocrx_word' id='word_1_309' title='bbox 2519 3453 2681 3504; x_wconf 69' lang='lat' dir='ltr'><strong>toetn&#39;</strong></span> 
     </span>
     <span class='ocr_line' id='line_1_36' title="bbox 526 3493 2708 3583; baseline -0.001 -13"><span class='ocrx_word' id='word_1_310' title='bbox 526 3520 692 3570; x_wconf 84' lang='lat' dir='ltr'><strong>Orell.</strong></span> <span class='ocrx_word' id='word_1_311' title='bbox 726 3525 868 3568; x_wconf 77' lang='lat' dir='ltr'><strong>cantu</strong></span> <span class='ocrx_word' id='word_1_312' title='bbox 899 3519 1156 3583; x_wconf 84' lang='lat' dir='ltr'><strong>legiturin</strong></span> <span class='ocrx_word' id='word_1_313' title='bbox 1181 3519 1354 3569; x_wconf 83' lang='lat' dir='ltr'><strong>Guelf.</strong></span> <span class='ocrx_word' id='word_1_314' title='bbox 1378 3524 1427 3571; x_wconf 83' lang='lat'><strong>2.</strong></span> <span class='ocrx_word' id='word_1_315' title='bbox 1436 3524 1596 3571; x_wconf 78' lang='lat'><strong>3.—5</strong></span> <span class='ocrx_word' id='word_1_316' title='bbox 1633 3523 1740 3571; x_wconf 85' lang='lat' dir='ltr'><strong>Erl.</strong></span> <span class='ocrx_word' id='word_1_317' title='bbox 1762 3528 1809 3572; x_wconf 86' lang='lat' dir='ltr'><strong>l.</strong></span> <span class='ocrx_word' id='word_1_318' title='bbox 1842 3523 2087 3580; x_wconf 79' lang='lat' dir='ltr'><strong>voluerunt</strong></span> <span class='ocrx_word' id='word_1_319' title='bbox 2121 3522 2276 3581; x_wconf 81' lang='lat' dir='ltr'><strong>vulgo.</strong></span> <span class='ocrx_word' id='word_1_320' title='bbox 2343 3520 2479 3569; x_wconf 80' lang='lat' dir='ltr'><strong>Post</strong></span> <span class='ocrx_word' id='word_1_321' title='bbox 2504 3493 2708 3570; x_wconf 80' lang='lat' dir='ltr'><strong>verbum</strong></span> 
     </span>
     <span class='ocr_line' id='line_1_37' title="bbox 524 3584 2708 3655; baseline -0.001 -19"><span class='ocrx_word' id='word_1_322' title='bbox 524 3584 732 3647; x_wconf 75' lang='lat' dir='ltr'><strong>intelligi</strong></span> <span class='ocrx_word' id='word_1_323' title='bbox 783 3586 954 3648; x_wconf 85' lang='lat' dir='ltr'><strong>pergit</strong></span> <span class='ocrx_word' id='word_1_324' title='bbox 989 3586 1095 3634; x_wconf 67' lang='grc' dir='ltr'><strong>ΕΗ.</strong></span> <span class='ocrx_word' id='word_1_325' title='bbox 1131 3589 1181 3633; x_wconf 79' lang='grc'><strong>2.</strong></span> <span class='ocrx_word' id='word_1_326' title='bbox 1233 3592 1350 3649; x_wconf 84' lang='lat' dir='ltr'><strong>post</strong></span> <span class='ocrx_word' id='word_1_327' title='bbox 1385 3586 1640 3654; x_wconf 80' lang='lat' dir='ltr'><strong>lacunam.</strong></span> <span class='ocrx_word' id='word_1_328' title='bbox 1723 3586 1842 3635; x_wconf 83' lang='lat' dir='ltr'><strong>vid.</strong></span> <span class='ocrx_word' id='word_1_329' title='bbox 1886 3599 2044 3649; x_wconf 80' lang='lat' dir='ltr'><strong>supra</strong></span> <span class='ocrx_word' id='word_1_330' title='bbox 2086 3584 2150 3633; x_wconf 84' lang='lat' dir='ltr'><strong>ad</strong></span> <span class='ocrx_word' id='word_1_331' title='bbox 2198 3598 2238 3635; x_wconf 84' lang='lat'><strong>1.</strong></span> <span class='ocrx_word' id='word_1_332' title='bbox 2281 3587 2364 3637; x_wconf 79' lang='grc'><strong>43.</strong></span> <span class='ocrx_word' id='word_1_333' title='bbox 2430 3587 2583 3650; x_wconf 82' lang='lat' dir='ltr'><strong>Mox,</strong></span> <span class='ocrx_word' id='word_1_334' title='bbox 2620 3600 2708 3655; x_wconf 85' lang='lat' dir='ltr'><strong>pro</strong></span> 
     </span>
    </p>
   </div>
   <div class='ocr_carea' id='block_1_12' title="bbox 520 3712 2709 3956">
    <p class='ocr_par' dir='ltr' id='par_1_13' title="bbox 520 3712 2685 3951">
     <span class='ocr_line' id='line_1_38' title="bbox 1503 3712 1720 3763; baseline -0.005 0"><span class='ocrx_word' id='word_1_335' title='bbox 1503 3712 1720 3763; x_wconf 81' lang='lat' dir='ltr'><strong>NOTAE</strong></span> 
     </span>
     <span class='ocr_line' id='line_1_39' title="bbox 520 3799 1864 3874; baseline 0.002 -16"><span class='ocrx_word' id='word_1_336' title='bbox 520 3809 767 3874; x_wconf 83' lang='lat' dir='ltr'><strong>pellatum</strong></span> <span class='ocrx_word' id='word_1_337' title='bbox 805 3808 966 3860; x_wconf 84' lang='lat' dir='ltr'><strong>fuisse</strong></span> <span class='ocrx_word' id='word_1_338' title='bbox 1002 3807 1255 3862; x_wconf 78' lang='lat' dir='ltr'><strong>referunt.</strong></span> <span class='ocrx_word' id='word_1_339' title='bbox 1312 3799 1576 3874; x_wconf 85' lang='lat' dir='ltr'><strong>Longinus</strong></span> <span class='ocrx_word' id='word_1_340' title='bbox 1658 3811 1864 3862; x_wconf 85' lang='lat' dir='ltr'><strong>crobiis.</strong></span> 
     </span>
     <span class='ocr_line' id='line_1_40' title="bbox 522 3885 2709 3956; baseline 0 -21"><span class='ocrx_word' id='word_1_341' title='bbox 522 3887 612 3935; x_wconf 84' lang='lat' dir='ltr'><strong>lib.</strong></span> <span class='ocrx_word' id='word_1_342' title='bbox 648 3885 753 3950; x_wconf 77' lang='grc' dir='ltr'>περὶ</span> <span class='ocrx_word' id='word_1_343' title='bbox 776 3885 953 3951; x_wconf 69' lang='grc' dir='ltr'><strong><em>’Ύψους</em></strong></span> <span class='ocrx_word' id='word_1_344' title='bbox 989 3887 1233 3936; x_wconf 84' lang='lat' dir='ltr'><strong>Timaeum</strong></span> <span class='ocrx_word' id='word_1_345' title='bbox 1267 3888 1400 3937; x_wconf 86' lang='lat' dir='ltr'><strong>dicit</strong></span> <span class='ocrx_word' id='word_1_346' title='bbox 1435 3903 1578 3950; x_wconf 79' lang='lat' dir='ltr'><strong>saepe</strong></span> <span class='ocrx_word' id='word_1_347' title='bbox 1720 3896 1743 3922; x_wconf 62' lang='grc' dir='ltr'>θ</span> <span class='ocrx_word' id='word_1_348' title='bbox 1777 3886 2040 3956; x_wconf 80' lang='lat' dir='ltr'><strong>Misenum]</strong></span> <span class='ocrx_word' id='word_1_349' title='bbox 2093 3887 2328 3936; x_wconf 76' lang='lat' dir='ltr'><strong>Misenus</strong></span> <span class='ocrx_word' id='word_1_350' title='bbox 2375 3901 2523 3937; x_wconf 77' lang='lat' dir='ltr'><strong>mous</strong></span> <span class='ocrx_word' id='word_1_351' title='bbox 2568 3889 2709 3938; x_wconf 79' lang='lat' dir='ltr'><strong>Cam-</strong></span> 
     </span>
    </p>
   </div>
   <div class='ocr_carea' id='block_1_13' title="bbox 514 3961 2711 4181">
    <p class='ocr_par' dir='ltr' id='par_1_14' title="bbox 514 3961 2711 4181">
     <span class='ocr_line' id='line_1_41' title="bbox 514 3961 2710 4038; baseline 0.002 -29"><span class='ocrx_word' id='word_1_352' title='bbox 514 3961 772 4033; x_wconf 65' lang='lat' dir='ltr'><strong>¹frigidum</strong></span> <span class='ocrx_word' id='word_1_353' title='bbox 794 3971 849 4012; x_wconf 88' lang='lat' dir='ltr'><strong>et</strong></span> <span class='ocrx_word' id='word_1_354' title='bbox 885 3963 948 4012; x_wconf 81' lang='lat' dir='ltr'><strong>ad</strong></span> <span class='ocrx_word' id='word_1_355' title='bbox 983 3964 1203 4025; x_wconf 82' lang='lat' dir='ltr'><strong>puerilia</strong></span> <span class='ocrx_word' id='word_1_356' title='bbox 1227 3963 1414 4038; x_wconf 79' lang='lat' dir='ltr'><strong>delabi.</strong></span> <span class='ocrx_word' id='word_1_357' title='bbox 1484 3963 1580 4014; x_wconf 83' lang='lat' dir='ltr'><strong>Ait</strong></span> <span class='ocrx_word' id='word_1_358' title='bbox 1660 3964 1860 4027; x_wconf 82' lang='lat' dir='ltr'><strong>paniae·</strong></span> <span class='ocrx_word' id='word_1_359' title='bbox 1903 3963 2055 4025; x_wconf 83' lang='lat' dir='ltr'><strong>vulgo</strong></span> <span class='ocrx_word' id='word_1_360' title='bbox 2076 3964 2282 4012; x_wconf 81' lang='lat' dir='ltr'><strong>Miseno.</strong></span> <span class='ocrx_word' id='word_1_361' title='bbox 2331 3963 2590 4013; x_wconf 87' lang='lat' dir='ltr'><strong>Misenum</strong></span> <span class='ocrx_word' id='word_1_362' title='bbox 2626 3978 2710 4025; x_wconf 83' lang='lat' dir='ltr'><strong>op-</strong></span> 
     </span>
     <span class='ocr_line' id='line_1_42' title="bbox 524 4035 2711 4105; baseline -0.002 -15"><span class='ocrx_word' id='word_1_363' title='bbox 524 4040 785 4090; x_wconf 73' lang='lat' dir='ltr'><strong>Diodorus</strong></span> <span class='ocrx_word' id='word_1_364' title='bbox 806 4041 1009 4090; x_wconf 85' lang='lat' dir='ltr'><strong>Siculus</strong></span> <span class='ocrx_word' id='word_1_365' title='bbox 1046 4035 1265 4104; x_wconf 75' lang='lat' dir='ltr'><strong>propter</strong></span> <span class='ocrx_word' id='word_1_366' title='bbox 1296 4039 1577 4105; x_wconf 77' lang='lat' dir='ltr'><strong>intempes·</strong></span> <span class='ocrx_word' id='word_1_367' title='bbox 1660 4040 1834 4104; x_wconf 78' lang='lat' dir='ltr'><strong>pidum</strong></span> <span class='ocrx_word' id='word_1_368' title='bbox 1859 4045 2046 4088; x_wconf 82' lang='lat' dir='ltr'><strong>vocant</strong></span> <span class='ocrx_word' id='word_1_369' title='bbox 2065 4040 2320 4104; x_wconf 87' lang='lat' dir='ltr'><strong>Josephus</strong></span> <span class='ocrx_word' id='word_1_370' title='bbox 2344 4048 2398 4089; x_wconf 88' lang='lat' dir='ltr'><strong>et</strong></span> <span class='ocrx_word' id='word_1_371' title='bbox 2424 4040 2666 4090; x_wconf 82' lang='lat' dir='ltr'><strong>Orosius:</strong></span> <span class='ocrx_word' id='word_1_372' title='bbox 2682 4053 2711 4086; x_wconf 83' lang='grc' dir='ltr'><strong>ιι</strong></span> 
     </span>
     <span class='ocr_line' id='line_1_43' title="bbox 524 4114 2705 4181; baseline 0 -18"><span class='ocrx_word' id='word_1_373' title='bbox 524 4116 657 4163; x_wconf 81' lang='lat' dir='ltr'><strong>tivas</strong></span> <span class='ocrx_word' id='word_1_374' title='bbox 680 4116 1103 4177; x_wconf 79' lang='lat' dir='ltr'><strong>reprehensiones</strong></span> <span class='ocrx_word' id='word_1_375' title='bbox 1125 4127 1477 4181; x_wconf 81' lang='lat' dir='ltr'><strong>nuncupatum</strong></span> <span class='ocrx_word' id='word_1_376' title='bbox 1500 4134 1576 4176; x_wconf 48' lang='lat' dir='ltr'><strong>esf</strong></span> <span class='ocrx_word' id='word_1_377' title='bbox 1662 4118 1869 4166; x_wconf 85' lang='lat' dir='ltr'><strong>Miseno</strong></span> <span class='ocrx_word' id='word_1_378' title='bbox 1893 4117 1980 4179; x_wconf 87' lang='lat' dir='ltr'><strong>qui</strong></span> <span class='ocrx_word' id='word_1_379' title='bbox 2016 4115 2212 4164; x_wconf 79' lang='lat' dir='ltr'><strong>AEnean</strong></span> <span class='ocrx_word' id='word_1_380' title='bbox 2248 4117 2301 4165; x_wconf 87' lang='lat' dir='ltr'><strong>in</strong></span> <span class='ocrx_word' id='word_1_381' title='bbox 2337 4114 2546 4166; x_wconf 80' lang='lat' dir='ltr'><strong>Italiam</strong></span> <span class='ocrx_word' id='word_1_382' title='bbox 2569 4128 2705 4164; x_wconf 80' lang='lat' dir='ltr'><strong>secu·</strong></span> 
     </span>
    </p>
   </div>
   <div class='ocr_carea' id='block_1_14' title="bbox 528 4190 2704 4333">
    <p class='ocr_par' dir='ltr' id='par_1_15' title="bbox 528 4190 2704 4333">
     <span class='ocr_line' id='line_1_44' title="bbox 528 4190 2704 4269; baseline -0 -29"><span class='ocrx_word' id='word_1_383' title='bbox 528 4206 583 4240; x_wconf 79' lang='lat' dir='ltr'><strong>se</strong></span> <span class='ocrx_word' id='word_1_384' title='bbox 626 4190 902 4256; x_wconf 77' lang='grc' dir='ltr'><strong><em>ἑπιτίμαιον,</em></strong></span> <span class='ocrx_word' id='word_1_385' title='bbox 948 4192 1000 4242; x_wconf 81' lang='lat' dir='ltr'><strong>id</strong></span> <span class='ocrx_word' id='word_1_386' title='bbox 1050 4202 1149 4252; x_wconf 75' lang='lat' dir='ltr'><strong>est,</strong></span> <span class='ocrx_word' id='word_1_387' title='bbox 1175 4196 1581 4269; x_wconf 62' lang='lat' dir='ltr'><strong>reprehensorem.</strong></span> <span class='ocrx_word' id='word_1_388' title='bbox 1662 4203 1745 4243; x_wconf 83' lang='lat' dir='ltr'><strong>tus</strong></span> <span class='ocrx_word' id='word_1_389' title='bbox 1767 4200 1901 4257; x_wconf 80' lang='lat' dir='ltr'><strong>erat,</strong></span> <span class='ocrx_word' id='word_1_390' title='bbox 1920 4206 2106 4243; x_wconf 85' lang='lat' dir='ltr'><strong>nomen</strong></span> <span class='ocrx_word' id='word_1_391' title='bbox 2131 4192 2353 4255; x_wconf 82' lang='lat' dir='ltr'><strong>accepit.</strong></span> <span class='ocrx_word' id='word_1_392' title='bbox 2394 4193 2579 4257; x_wconf 76' lang='lat' dir='ltr'><strong>Vin-gil.</strong></span> <span class='ocrx_word' id='word_1_393' title='bbox 2601 4191 2704 4242; x_wconf 79' lang='lat' dir='ltr'><strong>AEn.</strong></span> 
     </span>
     <span class='ocr_line' id='line_1_45' title="bbox 529 4267 2137 4333; baseline 0.003 -16"><span class='ocrx_word' id='word_1_394' title='bbox 529 4267 706 4319; x_wconf 85' lang='lat' dir='ltr'><strong>Annos</strong></span> <span class='ocrx_word' id='word_1_395' title='bbox 726 4272 809 4320; x_wconf 82' lang='lat'><strong>96.</strong></span> <span class='ocrx_word' id='word_1_396' title='bbox 831 4269 978 4333; x_wconf 72' lang='lat' dir='ltr'><strong>vixit,</strong></span> <span class='ocrx_word' id='word_1_397' title='bbox 994 4277 1126 4322; x_wconf 80' lang='lat' dir='ltr'><strong>teste</strong></span> <span class='ocrx_word' id='word_1_398' title='bbox 1151 4271 1375 4322; x_wconf 76' lang='lat' dir='ltr'><strong>Lucieno</strong></span> <span class='ocrx_word' id='word_1_399' title='bbox 1393 4271 1445 4321; x_wconf 92' lang='lat' dir='ltr'><strong>iu</strong></span> <span class='ocrx_word' id='word_1_400' title='bbox 1463 4273 1582 4322; x_wconf 83' lang='lat' dir='ltr'><strong>Ma·</strong></span> <span class='ocrx_word' id='word_1_401' title='bbox 1662 4285 1742 4321; x_wconf 81' lang='lat' dir='ltr'><strong>vr.</strong></span> <span class='ocrx_word' id='word_1_402' title='bbox 2128 4271 2137 4280; x_wconf 54' lang='lat'>⁸</span> 
     </span>
    </p>
   </div>
  </div>
 </body>
</html>
