3020 4942
2326 337 2452 405 817

305 506 439 582 bna,
462 511 654 588 atque
696 504 766 569 in
807 502 1099 587 quadarn
1134 505 1447 569 varietate
1475 503 1819 567 literarum
1850 507 2217 579 versentur,
2249 482 2457 585 magis

305 607 451 671 hanc
496 608 758 672 dicendi
801 608 1146 683 rationem,
1179 625 1380 691 quam
1428 625 1581 671 cum
1628 607 2049 688 imperatoris
2090 605 2311 680 laude,
2341 616 2457 668 aut

303 729 435 773 eum
476 712 626 774 boni
675 710 999 774 senatoris
1050 709 1405 794 prudentia
1447 708 1961 792 comparandam
2009 714 2239 791 putet;
2299 726 2455 772 con-

302 819 493 876 vertat
520 813 800 876 animum
834 811 919 875 ad
949 832 1033 876 ea
1060 813 1213 895 ipsa
1243 813 1478 875 artium
1509 827 1772 893 genera,
1803 811 2454 894 circumspiciatque,

303 916 403 997 qui
437 916 497 977 in
541 915 643 978 iis·
668 914 1031 990 floruerint,
1064 932 1393 997 quamque
1430 913 1661 977 multi:
1687 913 1809 976 -sic
1839 913 2174 987 facillime,
2207 919 2459 997 quanta

301 1022 602 1081 oratorum
632 1018 742 1095 sit,
773 1037 1168 1101 semperque
1197 1017 1394 1081 fuerit
1424 1017 1757 1099 paucitas,
1782 1015 2140 1099 judicabit.
2234 1030 2345 1077 ιιι.
2389 1016 2457 1078 9.

302 1119 517 1202 Neque
543 1121 715 1183 enirn
748 1127 810 1184 te
839 1120 1024 1202 fugit,
1060 1121 1294 1184 artium
1330 1121 1619 1183 omnium
1653 1120 2068 1183 laudatarum
2092 1126 2109 1156 ¹
2154 1135 2459 1201 procrea-

300 1222 501 1285 tricem
540 1224 904 1306 quandam,
935 1228 1001 1286 et
1044 1224 1237 1306 quasi
1284 1229 1624 1305 parentem
1672 1239 1840 1296 eam,
1883 1237 2087 1304 quam
2128 1216 2461 1303 φιλοσοφίαν

301 1322 501 1387 Graeei
542 1331 806 1398 vocant,
840 1325 928 1388 ab
967 1324 1390 1388 hominibus²
1424 1324 1830 1388 doctissimis
1850 1324 2180 1407 judicari:
2225 1324 2294 1385 in
2324 1341 2462 1404 qua

299 1424 540 1491 difficile
586 1436 686 1491 est
734 1436 1173 1502 enumerare:²¹
1219 1433 1384 1510 quot
1431 1428 1575 1502 viri,
1621 1436 1871 1511 quanta
1916 1427 2222 1503 scientia,
2251 1415 2462 1507 quan-

299 1534 475 1611 taque
495 1530 559 1593 in
591 1523 1008 1594 suis'studiis
1038 1531 1365 1594 varietate
1392 1538 1462 1594 et
1490 1531 1695 1612 eopia
1722 1529 1988 1607 fuerint,
2021 1530 2136 1613 qui
2164 1546 2296 1592 non
2326 1543 2462 1602 una

299 1630 497 1714 aliqua
525 1634 593 1696 in
610 1653 684 1697 re
710 1635 1066 1715 separatim
1091 1627 1534 1707 elaborarint,³
1566 1631 1684 1695 sed
1712 1633 1992 1708 omnia?
2017 1647 2461 1715 quaecumque

297 1742 559 1814 possent,
584 1736 693 1799 vel
727 1728 1041 1800 scientiae*
1056 1735 1637 1817 pervestigatione,
1662 1734 1763 1796 vel
1794 1732 2150 1796 disserendi
2180 1732 2465 1794 ratione⁸

249 1904 255 1912 ,
299 1838 916 1919 comprehenderint.
994 1836 1102 1901 10.
1149 1834 1321 1926 Quis
1365 1835 1642 1917 ignorat,
1681 1836 1755 1913 ii,
1787 1837 1904 1919 qui
1949 1832 2461 1898 mathematiciw

1012 359 1111 406 nn
1158 357 1534 416 οιιΑτοιιΕ,
1584 358 1630 404 1.
1677 342 1739 404 3.

347 2010 369 2082 ’ἵ
399 2003 479 2054 Vel
496 2004 633 2054 rebus
653 2004 950 2055 naturalibus
969 2004 1283 2068 inquirendis,
1305 1973 1379 2053 ael
1399 2004 1720 2054 ratiocinandi
1739 2010 1863 2071 arte.

1187 2126 1338 2148 ‘One
1341 2125 1427 2145 uo
1432 2126 1549 2146 Μ’

353 2209 472 2259 cn.
500 2225 586 2261 m.
636 2216 715 2261 l‘
743 2210 966 2258 Omnium
984 2209 1111 2259 lond.
1128 2209 1252 2287 ort.]
1288 2210 1390 2259 Hic
1412 2210 1541 2259 ordo
1566 2209 1838 2259 verborum
1864 2208 2019 2258 estin
2044 2205 2163 2255 edd.
2187 2207 2268 2257 W.
2288 2221 2329 2256 s.
2352 2208 2384 2256 Ι.
2408 2214 2464 2256 et

298 2274 498 2336 a.1.ips.
538 2292 689 2341 quem
721 2286 785 2324 et
825 2276 1076 2325 Pearcius
1120 2276 1766 2332 restituit.'Ernest.1t-a
1809 2276 1966 2323 etiam
1993 2273 2125 2320 Ven.
2151 2261 2371 2322 Mediol.
2406 2273 2467 2321 C·

297 2338 456 2402 Steph.
482 2343 659 2391 Lamb-
696 2342 846 2391 Rom.
880 2341 1010 2390 Nor.
1035 2340 1198 2390 Orell.
1226 2349 1281 2389 ut
1314 2349 1366 2389 et
1400 2342 1550 2390 codd.
1592 2342 1744 2390 Cant.
1778 2339 1948 2389 Gonv.
1986 2336 2136 2386 Norf.
2158 2338 2300 2398 Mag.
2322 2338 2465 2387 NoV.

293 2403 459 2455 Joaun.
495 2408 603 2457 Erl.
629 2412 679 2455 1.
703 2412 753 2455 2.
778 2415 833 2455 et
857 2404 1033 2455 Guelf.
1060 2409 1108 2455 1.
1143 2407 1443 2455 laudatarum
1484 2407 1663 2455 ortium
1693 2405 1898 2453 omnium
1933 2402 2089 2452 Grut.
2125 2403 2465 2451 laudandorum

296 2467 451 2520 Guelf.
474 2477 521 2521 2.
547 2473 667 2522 Ald·
697 2473 846 2523 Junt.
851 2477 946 2521 -2
987 2471 1158 2520 Oxou.
1183 2473 1329 2521 Ζαδ
1362 2489 1404 2531 ε,
1436 2473 1546 2521 Erl.
1572 2476 1619 2520 1.
1639 2476 1689 2520 2.
1722 2469 1841 2519 edd.
1881 2469 2029 2517 Rom.
2064 2467 2191 2518 Nor
2236 2467 2465 2517 omnibus.

296 2528 424 2593 Mox,
445 2553 690 2586 numerare
721 2538 831 2586 Erl.
859 2542 903 2585 Ι.
923 2542 972 2586 2.
995 2537 1115 2586 edd.
1154 2537 1306 2585 Rom.
1332 2538 1459 2586 Nor.
1489 2538 1632 2585 vict.
1699 2536 1862 2596 Dein,
1895 2535 1948 2582 in
1969 2533 2076 2595 hii·
2092 2533 2267 2581 studiis
2290 2533 2464 2582 Oxou.

297 2598 349 2649 Ζ.
353 2606 438 2650 -3
463 2603 631 2653 Oxou.
655 2602 725 2664 U,
748 2603 1105 2657 elaborassent:
1138 2603 1246 2650 Erl.
1271 2605 1313 2650 1.
1350 2600 1643 2658 elaborasse,·
1676 2602 1784 2649 Eri.
1808 2605 1858 2649 2.
1892 2599 2273 2648 elaboravissent.
2336 2598 2464 2644 Mox

296 2675 589 2730 proponent
612 2678 835 2732 quatuor
853 2684 936 2729 ap.
962 2667 1123 2717 Orell.
1149 2671 1319 2715 essent.
1368 2667 1518 2725 Dein,
1537 2636 1744 2714 Sch’ntz.
1764 2664 1954 2725 econj.
1977 2662 2157 2718 edidit,
2178 2662 2467 2711 vel-scientia

293 2735 335 2778 et
350 2735 755 2796 pervestigatione.
821 2733 997 2787 Oxou.
1029 2735 1194 2792 αβγ,
1214 2734 1288 2781 vel
1320 2732 1614 2780 describendi
1633 2731 1830 2779 ratione.
1898 2729 2016 2777 Duo
2039 2743 2123 2843 ap·
2145 2727 2309 2777 Orell.
2340 2741 2463 2774 eom·

1267 2861 1312 2909 N
1322 2862 1477 2911 01·AE

222 3562 225 3567 '
298 3571 404 3614 runt
454 3566 659 3614 omnino
715 3567 914 3614 decem.

296 2959 368 3000 est
395 2953 469 3001 M.
506 2951 776 3003 Cornelius
813 2951 1093 3015 Cethegus,
1116 2952 1200 3014 qni
1225 2951 1329 3001 col·

295 3025 396 3090 lega
431 3029 492 3080 P.
527 3029 836 3092 Sempronio
871 3029 1129 3078 Tuditano
1149 3039 1326 3078 consu·

295 3102 436 3177 latum
467 3108 627 3170 gessit
664 3105 731 3157 A.
754 3105 822 3156 U.
845 3105 904 3153 C.
926 3110 1042 3155 550.
1067 3114 1188 3155 ante
1213 3105 1335 3155 Chr.

296 3182 395 3228 204.

351 3258 607 3324 ”Difficile
639 3263 711 3308 est
746 3258 1041 3322 enumerare]
1074 3259 1150 3308 Ut
1184 3258 1335 3307 omit-

298 3342 390 3382 tam
412 3337 778 3400 Pythagoram,
799 3336 1084 3398 Socratem,
1118 3342 1174 3383 et
1211 3335 1335 3385 ulios

296 3412 367 3458 vel
408 3414 719 3475 antiquiores
772 3412 855 3460 vel
899 3412 1066 3460 minus
1116 3412 1334 3473 nobiles,

295 3489 553 3552 praecipua
591 3488 1004 3552 philosophorum
1029 3496 1189 3537 sectae
1222 3485 1333 3537 fue·

1005 3565 1334 3622 Academica,

299 3654 400 3701 quae
420 3640 518 3691 fuit
538 3642 749 3705 triplex,
772 3650 923 3691 vetus
947 3642 1225 3691 Platonem
1245 3642 1333 3691 ha·

297 3715 378 3768 bet
399 3728 673 3776 auctorem,
696 3719 863 3769 media
883 3719 1226 3781 Arcesilaum,
1249 3735 1335 3769 uo·

300 3808 357 3842 va
376 3795 628 3861 Lacyde-n,
653 3804 761 3855 aut,
799 3805 858 3846 ut
881 3798 965 3846 alii
990 3798 1186 3855 volunt,
1209 3798 1333 3847 Car·

298 3874 498 3922 neodem
521 3881 573 3922 et
598 3875 991 3924 Clitomachum.
1022 3875 1157 3924 Sunt
1177 3875 1334 3924 etiam

300 3947 377 4010 qui
419 3960 649 4014 quartam
693 3951 890 4000 addunt
937 3950 1264 4005 Academiam
1306 3968 1335 4001 a

300 4024 502 4076 Philone
536 4036 590 4077 et
613 4027 888 4077 Charmida
919 4029 1221 4083 institutam,
1257 4028 1334 4077 uti

301 4102 450 4152 refert
484 4105 688 4154 Sextus.
752 4105 1038 4168 Cyrenaica
1070 4103 1223 4154 fluxit
1268 4104 1333 4152 ab

301 4179 557 4243 Aristippo
578 4182 847 4245 Cyrenaeo,
865 4182 1046 4232 Eliaea
1067 4198 1098 4231 a
1118 4180 1335 4231 Phaedo·

304 4271 360 4305 aa
382 4258 589 4312 Elianai,
610 4259 881 4321 Megarica
901 4259 964 4313 ab
983 4259 1198 4310 Euclide
1222 4259 1339 4309 Me-

1291 4341 1473 4388 Cicero.

423 4338 590 4400 Delph.
612 4344 659 4388 et
682 4341 797 4389 Vur.
817 4340 950 4389 Clas.

1413 2952 1635 3014 gai-ensi,
1657 2952 1859 3014 Cynica
1882 2950 1950 2998 ab
1972 2948 2297 2998 Antisthene
2306 2948 2464 2996 Athe

1411 3027 1597 3091 niensi,
1646 3027 1879 3075 Eretriea
1911 3040 1939 3073 a
1983 3024 2293 3073 Menedemo
2340 3025 2466 3072 Ere-

1414 3106 1591 3159 triate,
1616 3105 1910 3154 Dialectica
1943 3119 1971 3151 a
1995 3102 2314 3152 Clitomacho
2347 3101 2467 3150 Cal·

1414 3182 1688 3238 chedouio,
1712 3181 2067 3244 Peripatetica
2095 3180 2160 3228 ab
2186 3179 2299 3228 Aris
2305 3181 2467 3229 totele

1415 3259 1690 3320 Stagirita,
1730 3259 1906 3308 Stoica
1948 3273 1978 3306 a
2025 3256 2471 3315 Zenonecitieo,

1419 3335 1677 3398 Epicurea
1730 3335 1795 3384 ab
1853 3335 2080 3395 Epicuro
2141 3332 2467 3382 Atheniensi.

1418 3413 1648 3464 Quorum
1688 3412 1910 3459 omnium
1948 3412 2177 3459 diversas
2200 3409 2376 3458 iisdem
2402 3408 2469 3457 de

1418 3487 1572 3535 rebus
1612 3488 1879 3549 opiniones
1922 3488 2167 3548 colligere
2214 3485 2467 3535 infinitum

1416 3566 1502 3614 sit.
1568 3566 1705 3614 Vide
1729 3565 1890 3614 Clem-
1906 3562 2189 3612 Alexandr.
2215 3564 2247 3610 Ι.
2270 3577 2305 3612 ι.
2326 3563 2470 3612 Stro-

1415 3649 1624 3691 matum.
1900 3701 1904 3706 ·
2031 3638 2034 3639 ⁷

1480 3727 1503 3753 v
1538 3719 1637 3768 Sed
1673 3717 1852 3779 omnia]
1916 3716 2140 3779 Gorgias
2185 3714 2469 3764 Leontinus

1416 3796 1745 3861 philosophus
1762 3794 1826 3844 ad
1845 3794 2030 3854 omnia,
2049 3793 2112 3840 de
2135 3791 2317 3854 quibus
2337 3789 2471 3851 quis·

1415 3888 1517 3937 que
1539 3870 1716 3921 audire
1737 3871 1914 3926 vellet,
1938 3876 2175 3934 paratum
2200 3881 2255 3915 se
2275 3866 2471 3914 denun-

1420 3949 1606 3998 tiabat.
1671 3947 1967 3998 Carneades
1992 3946 2113 3995 item
2137 3944 2472 4009 philosophus

1416 4025 1726 4090 eloquentia!
1772 4021 2030 4087 praesidio,
2085 4019 2325 4084 quicquid
2366 4021 2472 4068 vel-

1414 4104 1508 4157 let,
1544 4100 1628 4148 vel
1662 4099 1727 4148 ab
1761 4098 2279 4161 invitis.extorquera
2327 4103 2472 4161 pote-

1417 4184 1519 4228 rat.
2486 4182 2490 4188 ‘

1483 4262 1517 4288 w
1549 4251 1907 4316 Mathematici]
1939 4252 1991 4302 Si
2016 4264 2167 4301 tinam
2185 4250 2286 4300 vim
2310 4248 2470 4297 nomi·

2235 4335 2263 4380 3
2304 4330 2342 4378 F
