3020 4942
497 314 667 380 1192
1260 330 1361 380 Μ.
1388 331 1455 379 τ.
1503 330 1909 380 cressonis
1975 336 1980 343 ·

498 475 587 540 ad
620 492 766 552 eos,
795 491 1026 538 verum
1055 473 1256 537 etiam
1287 474 1371 537 de
1402 473 1546 538 filia
1575 472 1993 553 collocanda,
2027 472 2113 537 de
2143 474 2349 539 fundo
2382 475 2694 557 emendo„

497 577 584 641 de
629 597 784 660 agro
820 574 1154 654 colendo,⁶
1185 576 1268 639 de
1299 577 1480 641 omni
1523 576 1811 661 denique
1859 582 1975 642 aut
2019 575 2241 641 officio
2272 584 2389 659 aut
2415 578 2687 659 negotio

495 677 857 743 referretur.
948 678 1092 743 134.
1140 677 1318 743 Haec
1350 679 1481 743 fuit
1509 679 1596 747 P.
1628 679 1855 744 Crassi
1885 678 2069 744 illius
2093 681 2387 755 veteris‚¹
2412 681 2563 743 haec
2580 679 2689 743 Ti.

497 780 952 857 Coruncanii,³
998 781 1147 846 haec
1193 783 1429 865 proavi
1474 782 1695 865 generi
1737 782 1927 860 mei‚⁷
1973 781 2370 864 Scipionis,z
2405 781 2688 864 pruden-

497 883 740 949 tissimi
782 883 1086 958 hominis,
1147 870 1507 967 sapientia,
1555 885 1671 969 qui
1729 904 1965 949 omnes
2007 884 2361 968 pontifices
2407 884 2690 948 maximi

493 986 775 1060 fuerunt,
808 994 884 1050 ut
915 987 1003 1051 ad
1034 1006 1156 1050 eos
1187 987 1272 1050 de
1312 989 1618 1051 omnibus
1644 987 1890 1052 divinis
1921 994 2121 1072 atque
2150 987 2460 1051 humanis
2491 987 2690 1051 rebus

495 1089 876 1155 referretur:
909 1089 1244 1172 iidemque
1274 1098 1340 1154 et
1379 1090 1449 1153 in
1489 1089 1780 1163 senatu,⁸
1826 1096 1892 1154 et
1918 1090 2098 1173 apud
2140 1088 2489 1173 populum,
2522 1097 2594 1152 et
2622 1090 2689 1152 in

448 1194 455 1201 ’
494 1192 721 1257 causis
750 1191 1133 1267 amicorum,
1169 1199 1238 1256 et
1254 1190 1453 1262 domi,
1476 1190 1548 1256 et‘
1571 1192 1832 1256 militiae
1859 1191 2216 1256 consilium
2241 1210 2434 1257 suum
2456 1190 2686 1254 fidem-

493 1314 624 1379 que
648 1295 1084 1377 praestabant.
1168 1295 1319 1359 135.
1366 1291 1549 1373 Quid
1573 1295 1751 1359 enim
1784 1294 1883 1359 M.
1915 1293 2216 1372 Catoni,a
2245 1301 2493 1376 praeter
2513 1293 2691 1358 hanc

493 1396 973 1480 politissimam
1015 1396 1390 1461 doctrinam
1419 1395 1927 1461 transmarinam
1955 1401 2157 1487 atque
2190 1395 2696 1471 adventiciam?

496 1499 710 1564 defuit
729 1500 760 1562 'i
794 1518 972 1576 num,
995 1499 1156 1582 quia
1174 1497 1292 1582 jus
1323 1499 1522 1563 civile
1551 1498 1929 1577 didicerat,⁹
1952 1517 2196 1562 causas
2217 1517 2349 1560 non
2369 1496 2645 1561 dicebat
2658 1498 2694 1559 't

496 1607 611 1665 aut
643 1602 802 1685 quia
829 1607 1089 1686 poterat
1116 1601 1377 1676 dicere,⁷
1385 1600 1561 1684 juris
1586 1599 1941 1664 scientiam
1958 1598 2392 1682 negligebat?
2426 1605 2496 1663 at
2510 1606 2695 1663 utro-

497 1722 628 1788 que
656 1705 725 1768 in
759 1723 992 1786 genere
1021 1709 1087 1767 et
1115 1704 1470 1781 laboravit,
1500 1710 1570 1766 et
1602 1702 1956 1785 praestitit:
1984 1700 2003 1738 ⁶
2042 1723 2193 1766 num
2224 1709 2494 1786 propter
2521 1702 2697 1765 hanc

497 1827 583 1871 ex
625 1808 1037 1891 privatorum
1068 1807 1353 1889 negotiis
1384 1804 1742 1881 collectam
1773 1805 2052 1887 gratiam
2084 1802 2336 1869 tardior
2358 1803 2428 1867 in
2452 1802 2694 1887 repub-

493 1906 633 1971 lica
683 1906 1100 1991 capessenda
1142 1907 1313 1971 fuit‘e
1362 1925 1557 1971 nemo
1601 1905 1783 1990 apud
1832 1906 2150 1990 populum
2195 1907 2454 1982 fortior,
2499 1902 2708 1972 nemo

457 2084 463 2099 ὓ
496 2009 730 2074 melior
759 2016 1067 2074 senator:
1097 2009 1273 2073 idem
1316 2008 1514 2073 facile
1548 2010 1839 2094 optimus
1859 2017 1911 2048 ¹0
1940 2010 2300 2094 imperator
2323 2005 2374 2071 :J
2405 2008 2698 2095 denique

494 2113 658 2176 nihil
686 2113 756 2177 in
800 2111 930 2177 hac
975 2112 1243 2176 civitate
1288 2112 1706 2195 temporibus
1753 2112 1888 2176 illis
1934 2112 2093 2176 sciri
2120 2111 2401 2177 discive
2445 2111 2698 2194 potuit,

495 2213 676 2298 quod
722 2215 836 2278 ille
888 2235 1021 2278 non
1066 2234 1218 2278 cum
1264 2215 1675 2297 investigarit
1717 2223 1787 2283 et
1826 2192 2075 2290 s'cierit,
2111 2219 2268 2279 tum.
2297 2216 2502 2280 etiam
2539 2233 2697 2278 con-

497 2318 857 2401 scripserit.
949 2317 1100 2381 136.
1144 2315 1351 2382 Nunc
1393 2323 1694 2382 contra¹¹
1743 2316 2042 2401 plerique
2088 2316 2176 2381 ad
2219 2317 2515 2381 honores
2548 2316 2693 2380 adi-

496 2419 854 2504 piscendos
882 2427 952 2484 ct
982 2419 1068 2484 ad
1095 2419 1569 2503 rempublicam
1600 2419 1959 2501 gerendam
1990 2417 2151 2481 nudi
2180 2419 2462 2482 veniunt
2486 2426 2696 2502 atque

494 2515 782 2587 inermes
817 2542 836 2602 ;
895 2521 1084 2586 nulla
1140 2522 1520 2603 cognitione
1576 2540 1818 2599 rerum,
1869 2520 2060 2586 nulla
2106 2520 2394 2586 scientia
2449 2521 2699 2588 ornati.

558 2712 585 2745 ⁸
620 2712 835 2761 Petitam
854 2727 884 2761 a
907 2712 1114 2775 Grecis,
1139 2713 1222 2776 qui
1241 2711 1300 2761 ab
1323 2712 1465 2761 Italis
1483 2713 1609 2762 mari
1627 2711 1953 2775 sejunguntur.

559 2775 576 2809 ί
609 2778 867 2828 Excelluit.
1317 2775 1341 2819 θ’
1368 2779 1490 2828 Dux
1508 2778 1618 2827 belli
1635 2777 1993 2828 scientissimus.

1405 2907 1772 2930 OOWNONO

497 3002 528 3047 5
563 2998 742 3063 steph.
762 3005 818 3046 et
842 2997 1022 3047 Lamb.
1042 3004 1090 3047 et
1124 3000 1183 3047 de
1210 3004 1348 3061 patre
1380 3003 1428 3047 el
1460 3002 1739 3048 socero—6
1772 2998 1897 3047 'l'ria
1926 2998 2038 3047 haec
2061 2997 2235 3054 verba,
2256 2999 2317 3048 de
2335 3012 2455 3060 agro
2487 3000 2698 3057 colendo,

500 3064 686 3116 desunt
710 3065 760 3111 in
784 3065 891 3112 Erl.
917 3066 1058 3111 1.-7
1092 3064 1251 3113 Grut.
1277 3064 1462 3126 proavi,
1492 3064 1663 3126 generi
1692 3064 1901 3113 πεί-8
1939 3064 2049 3113 Erl.
2073 3067 2120 3112 1.
2153 3064 2368 3127 idemque
2407 3065 2460 3111 in
2491 3070 2698 3123 senatum

495 3142 628 3177 unus
655 3128 828 3178 Oxon.
850 3128 902 3177 hi
921 3128 1117 3190 denique
1138 3134 1184 3176 et
1203 3129 1255 3176 in
1275 3133 1456 3177 senatu.
1525 3129 1672 3184 Mox.
1687 3134 1736 3179 et
1754 3128 1882 3177 domi
1905 3129 2101 3178 omittit
2124 3129 2423 3179 Olivam—9
2458 3127 2698 3181 Guelf.l.

496 3199 547 3242 2.
575 3196 623 3242 3.
648 3194 755 3241 Erl.
777 3197 826 3241 1.
849 3202 1054 3255 septem
1080 3192 1273 3241 Palatt.
1299 3200 1403 3240 tres
1430 3208 1518 3255 ap.
1535 3194 1691 3243 Grut.
1714 3200 1769 3242 et
1790 3208 1968 3254 omnes
2002 3191 2112 3243 fere
2146 3192 2300 3243 codd.
2323 3193 2557 3251 Pam-cii,
2580 3209 2698 3243 cum

499 3258 619 3307 edd.
637 3258 855 3306 Mediol.
879 3267 934 3305 et
956 3256 1076 3305 edd.
1099 3264 1228 3304 vett.
1248 3258 1538 3319 habentjus
1556 3259 1699 3308 civile
1717 3273 1810 3307 non
1826 3258 2092 3316 didicerat,-
2126 3258 2289 3307 Aldus
2312 3259 2507 3320 primns
2527 3257 2586 3307 τὸ
2605 3274 2700 3307 ποια

497 3322 713 3371 delevit.
777 3322 922 3378 Mox,
945 3322 1053 3370 Erl.
1074 3325 1121 3369 1.
1141 3322 1435 3383 neglegebat.
1501 3324 1632 3371 Tum
1654 3328 1707 3372 at
1729 3323 1907 3373 delent
1932 3322 2111 3373 Guelf.
2132 3327 2178 3371 1.
2199 3324 2307 3372 Erl.
2325 3328 2372 3373 l.
2394 3323 2430 3375 J
2436 3338 2552 3371 oun.
2574 3324 2702 3372 Vet.

495 3389 685 3450 Steph.
708 3388 912 3436 Scbntz.
934 3386 1141 3442 Har-les.
1158 3395 1214 3436 et
1232 3388 1398 3438 Orell.
1445 3389 1583 3451 aequi
1613 3393 1812 3451 utroque
1847 3389 2026 3437 Lamb.
2079 3393 2132 3437 at
2152 3389 2344 3438 habent
2371 3387 2555 3437 Guelf.
2577 3393 2627 3437 2.
2648 3392 2697 3439 3.

437 3457 440 3463 “
497 3453 645 3505 Jnnt.
681 3452 825 3502 Crat.
861 3452 1017 3501 Grut.
1066 3452 1298 3501 laboravit
1319 3452 1429 3501 Erl.
1455 3457 1634 3502 1.-10
1667 3453 1777 3502 Erl.
1799 3457 1846 3502 1.
1868 3461 1924 3502 et
1957 3452 2129 3504 Guelf.
2162 3456 2210 3502 1.
2228 3458 2277 3503 et
2312 3452 2441 3502 idem
2473 3453 2700 3514 optimus.

498 3519 648 3581 Mox,
667 3516 950 3583 temporibus
969 3516 1087 3567 sciri
1107 3517 1282 3567 discive
1297 3518 1470 3580 potuit,
1490 3520 1615 3582 qaod
1641 3533 1755 3583 non,
1774 3521 1855 3583 sse.
1880 3520 1991 3569 Erl.
2014 3521 2190 3569 1.-11
2228 3518 2373 3567 Nunc
2391 3522 2564 3567 cuncta
2589 3518 2697 3567 Erl.

1485 3621 1703 3713 Now

561 3772 589 3798 ¹
623 3762 687 3812 P.
728 3760 893 3810 Crassi
929 3760 1062 3809 illius
1106 3759 1307 3823 veteris]
1358 3760 1558 3821 Cogno·
1638 3761 1687 3810 in
1708 3761 1927 3811 Catone.
2419 3809 2423 3813 Α

496 3846 673 3892 mento
696 3838 905 3895 Divitis,
943 3838 1030 3901 qui
1061 3836 1320 3902 pontificis
1345 3837 1556 3886 maximi
1702 3847 1724 3872 ²
1754 3836 2017 3900 Scipionis]
2052 3836 2158 3886 Hic
2175 3837 2467 3901 illeScipio
2488 3845 2573 3886 est
2590 3839 2701 3889 Na·

416 3926 425 3934 ·
498 3931 710 3968 munere
755 3914 965 3965 functus
1003 3925 1102 3971 est,
1141 3922 1196 3963 et
1229 3916 1555 3964 consulatum
1634 3914 1742 3965 sica
1765 3915 2062 3976 Corculum,
2083 3920 2137 3963 et
2157 3914 2271 3978 ipse
2290 3914 2532 3978 pontifex
2556 3931 2696 3965 max-

498 3994 664 4060 gessit
685 3992 750 4042 A.
769 3993 838 4043 U.
861 3993 923 4043 C.
948 3994 1064 4041 648.
1085 3998 1209 4040 ante
1236 3991 1356 4040 Chr.
1378 3994 1487 4039 196.
1631 3991 1784 4054 imus,
1822 4004 2046 4053 proavus
2081 3990 2340 4054 Scipionis
2382 3991 2474 4055 qni
2522 3992 2702 4041 Crassi

562 4080 585 4115 1
621 4072 698 4120 Ti.
738 4067 1045 4132 Coruncanii]
1090 4068 1194 4118 Hic
1229 4070 1388 4117 etiam
1430 4079 1556 4129 pon-
1635 4080 1795 4131 gener
1817 4065 1936 4116 fuit.
2043 4073 2046 4076 ’
2375 4084 2380 4101 ·

497 4146 634 4197 tifex
656 4148 907 4197 maximus
926 4144 1046 4207 fuit,
1077 4151 1132 4194 et
1155 4145 1281 4196 obiit
1306 4144 1370 4193 A.
1405 4145 1474 4193 U.
1494 4142 1556 4192 C.
1699 4150 1723 4176 ⁸
1752 4143 1832 4193 M.
1869 4139 2066 4204 Catoni]
2117 4140 2257 4192 Vide
2293 4148 2441 4192 notas
2474 4142 2531 4192 in
2566 4143 2700 4193 Bru·

498 4228 613 4274 601.
638 4229 760 4275 ante
780 4222 901 4274 Chr.
926 4224 1038 4273 153.
1073 4226 1133 4271 ut
1152 4219 1349 4272 indicat
1369 4219 1556 4270 Cicero
1636 4225 1764 4271 tum.
2024 4256 2045 4285 ,
