3020 4942
984 325 1081 371 nn
1129 323 1513 387 ons‘ronc,
1561 325 1611 376 1.
1655 309 1762 389 54.
2337 310 2473 374 925

316 464 627 530 evellisset
674 466 778 532 vis
823 469 1141 533 orationis
1186 475 1408 534 tuae:”
1450 489 1623 533 nunc
1666 469 1821 535 talis
1865 470 1965 534 vir
2009 472 2299 536 amissus
2343 478 2468 549 est,

315 567 454 654 dum
484 588 686 635 causa
715 572 812 634 ita
843 571 1159 646 dicitur,¹¹
1206 578 1279 635 ut
1310 572 1371 635 si
1392 566 1419 607 ¹⁵
1463 573 1532 635 in
1567 571 1685 636 illa
1733 574 2196 638 commenticia
2226 574 2469 638 Plato·-

314 669 408 735 nis
435 670 694 736 civitate
725 691 832 737 res
876 679 1210 754 ageretur:
1255 693 1454 737 nemo
1485 675 1822 757 ingemuit,
1852 695 2044 740 nemo
2073 676 2471 742 inclamavit

312 777 732 854 patronorum,
759 775 919 839 nihil
950 776 1261 859 cuiquam
1291 775 1534 853 doluit,
1567 796 1756 841 nemo
1800 785 1905 841 est
1943 785 2242 863 questus,
2269 799 2471 845 nemo

314 876 763 957 rempublicam
792 878 1191 962 imploravit,
1234 898 1428 943 nemo
1477 879 1908 962 supplicavit.
1998 878 2183 959 Quid
2217 882 2418 947 multa
2439 882 2486 958 ‘i⁴

312 975 530 1059 pedem
572 977 800 1044 nemo¹
842 981 907 1044 in
954 980 1073 1046 illo
1108 981 1374 1064 judicio
1419 981 1776 1066 supplosit,
1822 982 2045 1060 credo,
2089 1002 2175 1046 ne
2219 983 2472 1050 Stoicis

310 1082 803 1146 renuntiaretur!
887 1099 1039 1145 mv.
1068 1082 1219 1146 231.
1263 1082 1374 1166 [p.
1410 1083 1590 1164 105]
1636 1082 1949 1148 Imitatus
1976 1089 2076 1148 est
2104 1084 2300 1149 homo
2329 1082 2475 1148 Ro-

310 1194 569 1246 manus!
610 1191 675 1250 et
721 1185 1102 1250 consularis
1145 1191 1436 1254 veterem
1486 1185 1676 1251 illum
1725 1185 2092 1262 Socratem,
2126 1185 2267 1269 qui,
2313 1205 2475 1258 cum.

312 1283 583 1351 omnium
612 1288 1157 1370 sapientissimus
1196 1293 1399 1366 esset,
1441 1288 1996 1373 sanctissimeque
2025 1290 2340 1367 vixisset,
2369 1290 2477 1355 ita·

310 1385 636 1469 injudicio
654 1391 929 1475 capitis*
952 1411 1073 1473 pro
1092 1411 1164 1455 se
1186 1392 1333 1474 ipse
1351 1391 1548 1468 dixit,
1569 1398 1644 1457 ut
1666 1411 1798 1455 uon
1815 1391 2131 1475 supplex,
2154 1398 2274 1457 aut
2294 1409 2479 1469 reuS,

310 1489 414 1553 sed
441 1494 771 1574 magister,
802 1501 916 1557 aut
946 1494 1253 1558 dominus
1285 1492 1615 1560 videretur
1656 1513 1808 1558 esse
1838 1493 2170 1576 judicum.
2258 1492 2473 1571 Quin--¹

309 1591 508 1673 etiam,
538 1615 685 1660 cum
728 1597 793 1660 ei
820 1604 838 1633 ¹
888 1598 1207 1680 scriptam
1257 1596 1687 1662 orationemm
1733 1596 2214 1661 disertissimus
2257 1602 2475 1664 orator-

307 1690 578 1776 Lysias¹¹
622 1699 980 1777 attulisset,
1033 1718 1256 1783 quam,
1296 1700 1356 1762 si
1401 1699 1465 1764 ei
1508 1699 1861 1776 videretur,
1905 1699 2254 1775 edisceret,
2288 1703 2475 1766 ntea

305 1813 415 1877 pro
458 1818 531 1863 se
578 1800 943 1884 injudicio
990 1809 1305 1878 uteretur,
1342 1821 1476 1866 non
1521 1801 1770 1866 invitus
1808 1791 1999 1885 legit,
2034 1807 2097 1865 et
2127 1801 2478 1866 commode

308 1899 609 1982 scriptam
672 1923 822 1968 esse
879 1904 1095 1968 dixit:
1159 1903 1300 1980 sed,
1337 1903 1573 1987 inquit,
1620 1902 1742 1982 Ut,
1797 1904 1858 1968 si
1912 1903 2077 1968 mihi
2104 1899 2131 1928 ²
2203 1903 2482 1968 calceos

221 2077 226 2084 Ι
267 1999 646 2085 ‘Sicyonios
677 2015 705 2041 ⁰
749 2007 1119 2086 attulisseS,
1171 2027 1307 2071 non
1342 2014 1594 2085 uterer,
1640 2008 1951 2091 quamvis
1996 2011 2226 2071 essent
2282 2006 2477 2071 habi-

361 2202 394 2227 ·
429 2196 654 2247 Oratione
677 2204 761 2248 tua
788 2198 1020 2261 eloquenti
1040 2203 1087 2247 et
1108 2198 1290 2263 eopiosa
1322 2197 1613 2248 extinxisses
1631 2199 1812 2248 crudele
1841 2199 1999 2249 odium
2019 2211 2106 2261 quo
2125 2195 2285 2261 populi
2301 2195 2482 2248 annuos

303 2258 518 2310 adversus
542 2263 782 2312 Rutilium
804 2264 1128 2312 incenderunt.

360 2331 411 2437 :t
417 2326 492 2375 Ne
510 2328 579 2384 id,
602 2329 790 2392 opinor,
811 2330 998 2378 moleste
1014 2328 1206 2388 ferrent
1246 2326 1419 2387 Stoici,
1440 2326 1526 2389 qui
1558 2326 1784 2387 ejusmodi
1816 2328 2030 2388 tragicos
2048 2324 2249 2391 affectus
2268 2326 2483 2376 condem·

303 2402 359 2438 na
414 2424 427 2439 .

360 2461 388 2497 ¹
417 2455 649 2509 Rutilius.
973 2465 998 2493 ⁸
1029 2458 1092 2507 In
1114 2474 1203 2523 quo
1223 2455 1531 2508 accusabatur
1547 2458 1672 2521 quod
1696 2456 1827 2507 Deos
1847 2461 2064 2517 negaret.

1205 2591 1565 2613 ΝΝΙΟΟΜΙΟ

288 2658 623 2740 sueruntf-ssll
663 2686 817 2735 Mnu.
842 2685 978 2748 conj.
1010 2686 1081 2734 ita
1101 2684 1365 2735 dicebatur.
1431 2686 1448 2712 ‘
1473 2683 1713 2747 Suspicio
1736 2680 2015 2746 perversa!
2055 2683 2205 2733 Orell.

360 2749 491 2798 cn».
511 2766 620 2801 mv.
674 2755 699 2800 1
728 2751 858 2806 Quin
880 2753 1025 2801 etiam
1046 2751 1090 2800 ei
1113 2752 1220 2799 Erl.
1239 2754 1285 2798 1.
1310 2750 1498 2800 omisso
1519 2765 1641 2799 cum.
1690 2751 1818 2800 Voc.
1841 2749 1886 2799 ei
1908 2756 2197 2811 suspectum
2222 2747 2483 2798 Schutzio.

302 2816 391 2862 —2
407 2816 582 2866 Lamb.
604 2832 690 2882 ap.
711 2816 878 2866 Orell.
909 2818 1009 2879 sed,
1030 2821 1084 2865 ut
1103 2816 1150 2864 si
1170 2816 1489 2879 milii,inquit.
1524 2816 1688 2880 Paulo
1713 2823 1847 2880 post,
1872 2814 2006 2863 idem
2020 2818 2162 2877 atque
2174 2815 2294 2877 apti.
2330 2814 2489 2869 Dein,

1278 2942 1497 3013 N'o'rAE

357 3059 382 3094 k
413 3062 495 3111 Ita
513 3062 711 3117 dicitur,
733 3066 788 3110 ut
808 3060 873 3123 si]
905 3061 1026 3110 Non
1050 3059 1244 3109 dicitur
1268 3074 1349 3110 or·
1430 3058 1711 3109 sensionem
1736 3064 1990 3109 oratorem
2019 3054 2310 3109 adhiberet.
2379 3056 2488 3120 Igi-

299 3139 459 3188 natius
489 3155 552 3189 sc
590 3139 819 3195 liberius,
854 3138 1251 3201 quam-simplex
1273 3152 1350 3187 ra·

298 3215 367 3262 tio
409 3216 648 3265 veritatis
689 3213 860 3275 ferat3
912 3214 1065 3262 nullis
1109 3214 1353 3263 excitatis

302 3288 589 3349 affectibus,
611 3292 755 3341 nulla
788 3293 1004 3354 quaesitn
1026 3291 1352 3340 commisera-

301 3366 453 3430 tione,
475 3372 575 3420 διο.
600 3368 655 3417 id
680 3369 814 3431 quod
832 3366 947 3416 fieri
971 3368 1128 3417 Plato
1149 3368 1355 3417 volebat

300 3444 348 3493 in
385 3460 476 3494 sna
508 3446 603 3495 illa
633 3443 760 3494 ficta
796 3460 905 3507 rep.
937 3461 1087 3509 quam
1112 3444 1355 3494 adminis-

300 3522 529 3571 trandam
556 3521 776 3571 tradidit
812 3522 1145 3585 philosophis,
1182 3528 1356 3570 exter·

299 3599 489 3648 minata
511 3599 653 3649 omni
676 3598 935 3660 elegantia
959 3597 1163 3648 dicendi
1195 3605 1251 3647 et
1273 3610 1355 3647 co·

303 3689 407 3738 pra.

362 3749 374 3784 ¹
408 3752 588 3802 Pedem
631 3751 789 3814 nenio]
843 3751 1000 3800 Valet
1042 3749 1194 3812 pedis
1237 3765 1354 3814 sup-

299 3829 477 3890 plosio,
503 3835 562 3885 ut
599 3827 785 3877 Cicero
823 3835 1018 3890 monet,
1053 3826 1104 3874 iu
1146 3833 1356 3874 conteu-

301 3904 521 3954 tionibns
568 3912 662 3954 aut
691 3902 1015 3965 incipiendis,
1053 3909 1143 3950 aut
1177 3901 1355 3949 finien-

302 3984 378 4032 dis
399 4002 411 4031 :
431 3987 473 4033 si
497 3983 659 4033 fuerit
682 3982 929 4045 crebrior,
951 3982 1115 4046 inepti
1136 3980 1358 4029 hominis

302 4067 401 4116 est.
422 4070 481 4110 nt
505 4062 661 4109 docet
685 4059 893 4107 Fabius.

362 4145 398 4171 ¹¹
433 4137 681 4198 Scriptum
714 4135 996 4200 orationem]
1029 4134 1267 4185 Vetitnm
1304 4149 1359 4182 o-

301 4213 386 4263 lim
413 4212 639 4263 Athenis
661 4209 777 4278 fuit,
798 4226 861 4262 ne
885 4213 999 4276 quis
1022 4211 1086 4262 ad
1106 4227 1247 4262 suam
1270 4209 1359 4262 de·

1435 3145 1520 3185 tur
1543 3136 1723 3200 Lysias
1755 3141 1929 3184 orator
1960 3142 2068 3184 tum
2105 3134 2332 3197 optimus
2364 3135 2488 3183 scri·

1433 3212 1594 3262 bebat
1614 3213 1889 3274 orationes,
1922 3225 2046 3275 quas
2069 3211 2379 3275 eloquentiae
2404 3217 2491 3260 rud

1433 3289 1547 3351 des,
1570 3288 1691 3353 quis
1717 3302 1809 3351 pro
1833 3302 1888 3336 se
1912 3287 2017 3351 ipsi
2035 3287 2209 3337 dicere
2237 3286 2492 3350 jubeban-

1434 3374 1539 3424 tur,
1564 3366 1856 3415 ediscerent
1877 3379 1939 3413 ac
1966 3366 2377 3428 pronuntiarent.
2412 3365 2493 3416 Ea·

1435 3458 1592 3494 causa
1631 3442 1746 3500 fuit,
1784 3457 1878 3492 cur
1921 3443 2167 3506 scriptam
2202 3442 2488 3491 orationem

1435 3519 1686 3571 obtulerit
1707 3518 1929 3569 Socrati.

1500 3605 1527 3631 ¹·
1558 3594 1754 3661 Lysias]
1801 3596 1886 3645 De
1925 3608 2029 3657 quo
2082 3592 2391 3643 disseremus
2436 3593 2491 3642 in

1435 3673 1573 3723 notis
1593 3671 1658 3720 ad
1681 3672 1901 3720 Brutum
1926 3671 1954 3732 ᾗ
1978 3674 2059 3718 35.

1498 3756 1525 3781 ⁰
1557 3745 1827 3811 Sicyonios]
1862 3745 2055 3808 Sicyon
2077 3743 2201 3793 urbs
2233 3742 2493 3805 Pelopon-

1436 3824 1547 3874 nesi
1592 3825 1643 3872 in
1679 3823 1888 3873 Graecia
1924 3820 2226 3872 Corinthum
2264 3819 2401 3867 inter
2438 3825 2497 3869 et

1437 3900 1703 3962 Athenas;
1745 3906 1881 3951 teste
1926 3898 2187 3962 Sophiano
2222 3909 2358 3945 nunc
2402 3911 2495 3960 ap-

1439 3980 1669 4043 pellatur
1710 3978 1946 4027 Basilica.
2011 3976 2114 4025 Hic
2150 3974 2269 4022 olim
2314 3973 2496 4021 muilie-

1441 4058 1561 4106 bres
1584 4055 1748 4106 calcei
1770 4051 2136 4120 elegantissimi
2157 4047 2495 4101 conficieban-

1442 4141 1547 4185 tur.
2493 4140 2499 4149 '
