3020 4942
804 741 916 815 M.
989 743 1334 844 TULLH
1427 744 2015 820 CICERONIS

1005 980 1138 1047 AD
1198 982 1286 1063 Q.
1351 982 1820 1049 FRATREM

884 1205 1479 1284 DIALOGI
1583 1211 1932 1288 TRES

663 1405 2172 1549 DE'ORATORE.

852 1957 1406 2037 D1AL0GUs,·
1450 1961 1634 2026 SEU
1679 1962 1861 2026 Lm.
1909 1914 1972 2026 1}

1123 2176 1693 2288 ΑΒουΜΕΝΤυΜ.

242 2381 245 2386 »
318 2347 386 2399 In
420 2348 497 2399 his
517 2348 680 2411 libris,
702 2349 755 2400 in
778 2348 963 2414 quibus
995 2349 1108 2415 ipse
1146 2350 1244 2421 sibi
1280 2350 1497 2401 mirifice
1538 2352 1739 2414 placuit
1777 2352 1981 2409 Cicero,
2004 2350 2071 2400 de
2110 2350 2411 2416 eloquentia
2434 2349 2510 2398 ita

380 2433 648 2498 praecipit,
669 2440 748 2496 ut,
771 2431 905 2498 quod
933 2432 1062 2483 alios
1079 2433 1255 2489 docet,
1274 2432 1438 2497 ipsum
1466 2432 1617 2496 plane
1640 2441 1933 2482 assecutum
1957 2446 2071 2482 esse
2094 2439 2363 2495 appareat.
2408 2432 2514 2481 Ex-

353 2500 740 2572 ''pueatautem
778 2528 895 2562 suas
928 2511 995 2562 de
1033 2513 1243 2563 dicendi
1284 2521 1399 2563 ane
1435 2514 1721 2562 sententias
1756 2514 1849 2563 snt»
1883 2514 2028 2562 Lucu
2053 2513 2237 2562 Licinn
2261 2513 2435 2562 Crassi
2456 2518 2514 2561 et

376 2594 552 2644 Marci
591 2593 811 2644 Antonii
849 2594 1101 2658 personis,
1131 2593 1266 2659 quod
1308 2594 1373 2643 ad
1409 2595 1504 2643 hos
1548 2595 1779 2643 homines
1814 2595 2122 2658 eloquentiae
2161 2593 2512 2656 principatum

373 2690 575 2740 omnes,
617 2676 871 2739 superiori
908 2675 1119 2730 saeculo,
1144 2674 1456 2725 detulerant.
1522 2676 1593 2724 Et
1628 2675 1677 2724 iu
1704 2675 1872 2737 primo
1898 2674 2103 2736 quidem
2135 2674 2270 2722 libro
2294 2675 2512 2722 Crassus

378 2765 436 2806 et
460 2755 718 2806 Antonius
756 2756 822 2805 de
859 2756 1101 2805 universa
1135 2756 1353 2805 oratoris
1382 2754 1614 2829 ‘perfecti
1638 2755 1688 2804 vi
1725 2755 2015 2818 disputant,
2038 2769 2253 2819 quorum
2290 2756 2422 2804 alter
2445 2753 2512 2804 ad

380 2837 650 2888 Ciceronis
672 2844 900 2886 mentem
929 2836 994 2885 de
1028 2851 1090 2885 ea
1115 2851 1173 2884 re
1197 2835 1428 2893 disserit,
1449 2836 1542 2893 ita,
1565 2843 1622 2885 ut
1645 2836 1836 2885 oratori
1862 2837 2083 2885 oninium
2108 2835 2435 2907 scientiarum
2456 2841 2513 2885 et

376 2918 567 2981 artium
592 2918 941 2981 cognitionem
967 2916 1197 2978 tribnat3
1231 2918 1366 2966 alter
1388 2931 1514 2966 vero
1540 2915 1800 2979 Antonius!
1827 2915 2008 2966 fratris
2045 2916 2230 2970 Quinti
2254 2917 2515 2965 sententia

379 2997 732 3062 eloquentiam
778 2998 843 3046 ab
885 2997 1143 3060 elegantia
1189 2996 1442 3047 doctrinm
1491 3007 1756 3062 segregat,
1792 3007 1845 3046 et
1890 2999 1940 3046 in
1976 2997 2421 3062 quodamingenii
2461 3003 2517 3046 et

379 3079 767 3129 exercitationis
789 3091 979 3139 genere
1009 3078 1171 3141 ponit.
1214 3078 1325 3126 vid,
1355 3092 1402 3127 c.
1424 3093 1488 3130 ιι.
1557 3078 2035 3142 Ρτίηιιιῑᾶίεριιῑηῑ
2059 3079 2294 3141 Crassus,
2326 3077 2515 3128 deinde

382 3161 499 3224 ejus
530 3159 848 3222 argumentis
879 3173 994 3222 quae
1035 3157 1335 3221 responderi
1372 3165 1613 3222 possunt,
1649 3156 1803 3208 affert
1844 3159 2121 3209 Antonius.
2188 3159 2252 3208 In
2287 3161 2514 3208 secundo

379 3241 516 3290 libro
550 3239 839 3289 disserendi
880 3248 1055 3301 partes
1092 3239 1324 3301 inprimis
1362 3239 1425 3288 ad
1450 3238 1735 3289 Antonium
1762 3238 2086 3301 deferuntur,
2113 3241 2199 3305 qui
2235 3238 2301 3289 de
2336 3242 2514 3290 invenss-

382 3323 524 3371 tione
550 3321 809 3385 praecipit,
826 3327 881 3369 et
900 3319 971 3368 de
985 3321 1326 3370 collocatione
1351 3335 1522 3370 rerum
1547 3323 1896 3384 locorumque,
1915 3338 2012 3386 qua
2038 3321 2270 3384 inprimis
2294 3322 2514 3371 valuisse

381 3403 717 3457 credebatur,
739 3417 788 3452 v.
810 3402 920 3452 Cic.
943 3401 1012 3450 de
1032 3402 1174 3451 Clar.
1210 3401 1363 3451 Orat.
1400 3417 1448 3451 c.
1472 3414 1700 3452 xxxvii.
1738 3417 1855 3450 ntum
1893 3413 2075 3452 contra
2116 3417 2214 3451 non
2240 3403 2514 3467 elegantis&

324 3498 331 3501 *
384 3484 515 3532 simo
539 3498 774 3532 sermone
797 3490 1040 3531 uteretur
1063 3488 1220 3544 atque
1254 3481 1531 3551 diligenter
1564 3481 1805 3546 loquendi
1841 3482 1995 3531 laude
2030 3493 2256 3532 careret.
2323 3483 2406 3533 Ad
2438 3484 2514 3533 iu·

313 3578 318 3583 ·
381 3564 679 3613 ventionem
714 3577 885 3612 rerum
912 3572 1082 3611 autem
1107 3560 1344 3626 quoniam
1370 3563 1599 3626 pertinet
1624 3564 1778 3611 etiam
1804 3563 1869 3610 de
1889 3562 2027 3625 jocis
2047 3572 2100 3611 et
2125 3562 2327 3613 facetiis
2351 3565 2516 3628 locus,

383 3652 436 3694 et
460 3646 632 3694 Caesar
653 3644 971 3711 credebatur
993 3644 1217 3692 onmium
1241 3643 1590 3693 facetissimus
1614 3652 1668 3692 et
1691 3645 1739 3692 in
1756 3643 1981 3706 jocando
2014 3644 2358 3708 lepidissimus
2382 3661 2520 3705 esse,

383 3725 486 3775 vid.
509 3712 558 3775 c.
580 3739 694 3775 mv.
725 3726 773 3774 ei
806 3724 872 3773 de
895 3724 972 3772 liis
998 3720 1295 3787 dis'putandi
1319 3730 1492 3789 partes
1520 3725 1795 3773 traduntur
1818 3726 1850 3774 l.
1874 3739 1920 3773 c.
1945 3739 2107 3790 usque
2130 3725 2194 3774 ad
2219 3741 2267 3773 c.
2289 3739 2444 3775 zxxt.

326 3806 474 3856 Redit
500 3807 564 3856 ad
598 3808 838 3856 Crassum
870 3805 924 3853 in
956 3803 1086 3854 libro
1102 3806 1282 3863 „tertio
1319 3806 1605 3875 disserendi
1649 3821 1851 3862 munus,
1893 3805 2252 3869 induciturque
2275 3806 2339 3855 de
2363 3822 2512 3856 orna-

384 3888 567 3955 mentis
605 3887 854 3936 orationis
897 3894 950 3935 et
986 3892 1102 3936 tota
1137 3886 1428 3936 elocutione
1470 3887 1804 3950 praecipiens,
1827 3887 1879 3936 in
1918 3884 2028 3950 qua'
2053 3889 2243 3936 ceteris
2276 3889 2512 3942 omnibns

387 3971 604 4033 palmam
631 3970 911 4032 praeripere
936 3969 1238 4034 putabatur.
1307 3970 1418 4018 Cic.
1444 3968 1509 4017 de
1534 3969 1701 4017 Claris
1738 3968 1833 4017 Or.
1874 3982 1921 4015 c.
1955 3980 2206 4016 xxxvtu.
2228 3972 2269 4016 ε’.
2335 3969 2513 4018 Docet

384 4059 552 4099 autem
577 4048 854 4099 dicendum
890 4064 1005 4098 esse
1043 4050 1247 4106 Latine,
1287 4049 1459 4112 plane,
1500 4056 1704 4109 ornate,'
1742 4055 1795 4097 et
1834 4055 1977 4110 apte,
2013 4048 2063 4095 in
2105 4060 2316 4112 quorum
2357 4051 2513 4099 tertio

385 4130 616 4193 inprimis
644 4130 835 4177 multus
870 4138 988 4181 est„
1038 4129 1297 4195 anatum
1338 4140 1513 4177 autem
1538 4130 1763 4177 existere
1792 4128 2024 4176 ostendit
2046 4143 2160 4177 eum
2186 4145 2215 4177 e
2240 4130 2511 4187 verborum

384 4211 608 4269 delectu,
631 4217 737 4259 tum
761 4224 790 4259 e
814 4209 995 4275 tropis,
1013 4209 1210 4275 figuris,
1245 4216 1299 4260 et
1323 4225 1555 4263 numero.
1623 4208 1906 4264 Adduutur
1934 4209 2141 4271 taudem
2174 4211 2409 4276 quaedam
2442 4212 2509 4261 de
