3020 4942
481 323 613 402 540,

487 481 917 562 auctoritate,
956 487 1077 550 aut
1108 481 1373 567 judicio
1416 482 1751 569 alicujus‚⁸
1798 491 1915 549 aut
1956 480 2325 567 aliquorum
2371 501 2674 566 compro-

484 588 672 654 bata.
762 587 844 651 Id
890 588 1096 652 tribus
1143 586 1214 650 in
1256 586 1608 668 generibus
1650 593 2079 669 spectatur39
2105 584 2456 668 religioso,
2490 605 2672 649 com·
2735 586 2740 589 ’

483 691 690 767 muni,
717 691 1118 774 approbato.
1208 690 1628 773 Religiosum
1669 695 1796 767 est,
1830 688 2022 772 quod,
2041 689 2247 773 jurati
2286 688 2545 769 legibus
2564 688 2672 770 ju·

485 792 792 867 dicarunt
816 816 831 856 :
855 804 896 830 ¹⁸·
939 811 1287 859 commune
1329 800 1456 868 est,
1485 790 1667 876 quod
1711 800 2014 855 omnes¹0
2057 791 2255 873 vulgo
2283 791 2672 874 probarunt,

420 963 425 968 ,
487 901 558 959 et
596 895 820 959 'secuti
869 902 1043 973 sunt,
1069 894 1489 979 hujusmodi:
1538 901 1612 958 ut
1658 894 2021 978 maJoribus
2060 901 2225 958 natu
2270 901 2671 975 assurgetur,

485 1004 566 1062 ut
616 999 999 1082 supplicum
1024 1007 1071 1037 ¹¹
1113 1000 1537 1064 misereatur:
1582 998 2025 1081 approbatum
2069 1008 2193 1075 est,
2237 995 2412 1079 quod
2463 996 2674 1060 homi-

484 1119 630 1178 nes,
662 1121 812 1165 cum
857 1101 1124 1165 dubium
1168 1107 1367 1179 esset,
1397 1101 1594 1184 quale
1634 1102 1863 1165 haberi
1903 1105 2311 1184 οροηειέῐ,η
2355 1117 2480 1164 sua
2518 1118 2676 1163 cou-

488 1203 848 1268 stituerunt
878 1204 1306 1271 auctoritate·
1355 1204 1549 1269 velut
1577 1203 1866 1270 Gracchi
1885 1202 1907 1239 r
1933 1203 2144 1288 patris
2170 1203 2442 1280 factum,
2473 1220 2676 1286 quem

1220 338 1327 390 M.
1375 341 1444 388 T.
1492 338 1898 413 emenonis

550 1380 590 1406 ¹¹⁸
622 1372 918 1487 Religicsum
940 1376 1011 1421 est
1032 1371 1078 1422 si
1098 1373 1214 1436 quid
1231 1374 1291 1424 de
1304 1387 1358 1423 rc
1377 1370 1899 1437 aliquajuratijudices
1917 1387 1979 1422 ex
2000 1370 2181 1434 legibus
2190 1369 2488 1432 judicarunt.

1399 1483 1697 1504 ”OHOOOOO
1674 1483 1761 1503 ΟΝ

487 1546 586 1591 tur.
589 1545 686 1590 -8
721 1545 748 1590 θ
768 1539 936 1602 etjud.
960 1542 1068 1593 alic·-
1134 1562 1171 1593 ω
1191 1548 1240 1595 2.
1259 1549 1345 1593 aut
1363 1543 1475 1605 jud.
1509 1549 1593 1594 aut
1625 1545 1735 1594 alic.
1736 1549 1834 1594 —9
1867 1544 2123 1607 Spectatur
2153 1557 2254 1591 nou
2281 1548 2360 1591 est
2384 1542 2434 1590 iu
2460 1541 2607 1590 Voss.
2633 1543 2679 1603 1.

487 1611 619 1658 ,-,10
656 1608 698 1655 L
729 1608 925 1656 omittit
958 1610 1258 1659 omnes.1n
1293 1610 1415 1660 Sch.
1440 1611 1581 1672 vulgo
1616 1610 1823 1660 homiues
1851 1610 1981 1672 prob.
2051 1609 2196 1658 Voss.
2219 1613 2264 1657 1.
2284 1612 2335 1657 2.
2370 1607 2518 1657 Leid.
2539 1612 2588 1655 2.
2622 1596 2679 1655 et

486 1672 613 1721 Tur.
651 1672 858 1723 kenuines
893 1674 1035 1735 vulgo
1067 1675 1200 1737 p.rob
1264 1674 1350 1724 ed.
1373 1675 1587 1725 Omnib.
1621 1689 1777 1725 omnes
1807 1674 2112 1724 communiter
2144 1673 2274 1738 prob.
2276 1677 2403 1722 —u
2441 1674 2482 1721 L
2502 1670 2680 1735 suppli·

487 1737 635 1787 tium.-
672 1737 848 1788 Pal-1.
868 1738 1178 1803 simplicium.-
1213 1740 1376 1792 Grev.
1397 1740 1825 1806 supplicium—12
1858 1754 2014 1789 eccum
2035 1740 2213 1789 iddub.
2256 1746 2311 1789 et
2328 1737 2477 1788 Leid.
2499 1742 2548 1786 3.
2568 1735 2678 1785 hab.

1454 1848 1504 1898 N
1510 1846 1673 1897 01*AE

479 1932 797 1999 ,seditionum
832 1934 1144 2000 suspiciones
1179 1936 1238 1986 C.
1261 1937 1547 1996 Gracchus,
1624 1935 1811 2000 iuquit,
1847 1950 1965 1985 cum
2000 1948 2229 1991 sororem
2262 1933 2512 1984 Horatius
2544 1931 2684 1982 occi-

487 2009 774 2063 clarissimo
798 2020 966 2075 patre,
987 2027 1101 2069 avo,
1122 2012 1431 2076 majoribus:
1459 2028 1545 2062 oc·
1627 2012 1789 2062 disset
1808 2021 1864 2063 et
1896 2012 1961 2061 de
1995 2010 2136 2061 facto
2165 2011 2278 2074 ejus
2303 2011 2518 2074 populus
2541 2016 2682 2058 esset

488 2085 629 2134 cisus
652 2094 735 2135 est
755 2102 870 2136 cum
893 2088 1070 2139 liberis
1093 2090 1170 2138 M.
1189 2089 1402 2139 Fulvius
1424 2104 1547 2138 con·
1626 2091 1873 2150 incertus,
1899 2096 2071 2139 tamen
2093 2087 2357 2137 absolutus
2378 2095 2474 2135 est.
2518 2085 2681 2134 Dein-

486 2163 688 2214 sularis.
754 2165 919 2214 Simili
963 2166 1428 2223 senatusconsulto,
1485 2167 1548 2215 C.

488 2239 664 2295 Mario
688 2248 742 2290 et
770 2241 834 2291 L.
868 2242 1077 2293 Valerio
1110 2257 1262 2300 coss„
1298 2243 1549 2307 permissa

489 2325 573 2368 est
603 2331 741 2381 resp.
777 2319 915 2369 Num
937 2336 1091 2369 unum
1125 2320 1262 2369 diem
1289 2329 1463 2383 postea
1490 2322 1549 2370 L.

488 2391 823 2443 Saturninum
847 2395 968 2444 trib.
994 2396 1152 2459 pleb„
1176 2404 1232 2446 et
1255 2396 1314 2445 C.
1336 2398 1548 2446 Servili·

487 2483 576 2517 um
600 2475 891 2533 praetorem,
913 2488 1049 2521 mors
1067 2489 1127 2523 ac
1144 2474 1274 2539 reip.
1297 2490 1451 2538 poena
1471 2490 1549 2525 re·

489 2556 689 2597 morata
713 2549 826 2598 est?
892 2549 966 2599 At
997 2566 1090 2600 nos
1119 2552 1421 2601 vicesimum
1435 2554 1547 2616 jam

489 2623 626 2680 diem
646 2627 872 2689 patimur
887 2626 1166 2678 hebescere
1182 2630 1344 2678 aciem
1367 2630 1548 2678 horum

490 2702 836 2752 auctoritatis.
899 2703 1165 2754 Habemus
1200 2706 1334 2754 euim
1372 2705 1547 2769 hujus-

487 2776 628 2842 modi
649 2782 1162 2844 senatusconsultum,
1189 2789 1546 2831 verumtamen

487 2853 741 2904 inclusum
764 2857 816 2905 in
850 2857 1036 2908 tabulis
1061 2867 1303 2922 tauquam
1330 2858 1382 2907 in
1405 2859 1550 2921 vagi·

488 2944 560 2979 na
590 2931 943 2983 reconditumz
980 2949 1081 2999 quo
1114 2949 1179 2983 ex
1214 2943 1549 2984 senatuscon-

490 3007 629 3056 sulto
665 3006 934 3059 confestim
968 3008 1302 3060 interfectum
1334 3018 1387 3060 te
1411 3025 1549 3073 esse,

484 3082 736 3146 Catilina,
756 3083 1034 3135 convenit?

558 3156 583 3189 ¹*
613 3159 752 3210 Velut
773 3160 1008 3226 Gracchi]
1042 3163 1171 3212 Cum
1195 3164 1388 3213 veteris
1406 3164 1547 3213 codi-

489 3233 568 3299 cis
614 3236 822 3304 plagula
863 3240 913 3288 iu
966 3238 1196 3289 editione
1249 3240 1550 3298 Schrevelii,

493 3316 602 3361 tum
621 3328 743 3364 vero
765 3315 1019 3365 Victorini
1037 3318 1456 3379 commentarius,
1479 3319 1548 3367 lo·

495 3402 611 3438 cum
635 3390 766 3441 hunc
788 3394 1019 3444 mutilum
1045 3395 1289 3446 ostendit.
1356 3395 1443 3445 Ita
1465 3412 1552 3446 co·

497 3465 600 3515 dex
617 3483 631 3513 :
655 3469 781 3517 velut
799 3470 961 3530 graeci
974 3469 1112 3536 (lege
1129 3470 1553 3536 Horatii)sactum

495 3549 567 3593 est
589 3559 620 3593 α
637 3559 742 3608 pop.
771 3545 911 3594 Rom.
942 3547 1263 3611 approbatum,
1290 3550 1411 3613 quod
1431 3550 1552 3598 occi·

495 3622 573 3671 dit
613 3636 834 3678 sororem.
876 3639 980 3674 cum
1011 3625 1099 3674 illa
1139 3627 1373 3676 devictum
1405 3626 1463 3674 ab
1501 3642 1555 3675 eo

501 3699 770 3748 Curiatium
801 3700 981 3750 hostem
1008 3703 1182 3752 deleret
1215 3702 1278 3767 (1.
1315 3702 1559 3767 defleret),

496 3779 546 3826 ,et
568 3774 696 3823 velut
727 3774 953 3832 Gracchi,
985 3778 1070 3839 ξε.
1133 3779 1430 3828 Victorinus
1465 3794 1556 3827 au-

497 3858 631 3911 tem,
649 3852 874 3915 scriptor
895 3855 1155 3918 antiquus.
1185 3864 1240 3904 et
1263 3855 1388 3905 alias
1414 3856 1558 3904 urbis

490 3927 679 3985 ‚Romae
704 3930 902 3996 rhetor,
937 3931 1071 3981 hunc
1107 3933 1274 3981 locum
1297 3933 1373 3983 sic
1396 3948 1556 3996 expo-

495 4003 616 4061 nit3
657 4006 1052 4069 ‘Approbatum
1076 4016 1176 4070 est,
1198 4009 1366 4073 inquit
1397 4011 1559 4060 Tulli·

486 4091 582 4140 us,
598 4081 733 4144 quod
750 4097 864 4131 cum
889 4082 1101 4134 dubium
1126 4093 1266 4135 esset
1280 4087 1558 4151 circaque-

492 4155 705 4211 ,litatem
750 4159 936 4209 bonam
981 4161 1252 4225 malamve,
1294 4163 1359 4213 ad
1405 4180 1560 4214 unam

496 4241 700 4298 partem
739 4233 968 4290 homiues
1001 4239 1399 4292 inclinaverunt.
1464 4242 1561 4306 Ut,

1628 2167 1715 2230 de,
1748 2175 1808 2217 ut
1840 2166 1953 2218 Tib.
1988 2165 2275 2226 Gracchus,
2311 2178 2428 2212 cum
2462 2160 2685 2220 censor,’

1628 2247 1729 2292 διο.
1792 2243 1918 2293 Tale
1952 2249 2125 2291 autem
2158 2239 2257 2290 fuit
2293 2239 2517 2290 Gracchi
2540 2234 2680 2302 quod

1628 2320 1712 2369 hic
1737 2318 2102 2382 perstringitur
2119 2315 2330 2366 factum.
2366 2316 2423 2371 Ο.
2437 2313 2682 2365 Claudius

1629 2396 1832 2460 Appius
1876 2394 2102 2471 Pulcher
2144 2401 2199 2443 et
2240 2395 2299 2442 Τ.
2345 2391 2682 2454 Sempronius

1630 2474 1898 2526 Gracchus
1920 2481 2180 2533 censores,
2200 2484 2337 2525 cum,
2356 2467 2406 2517 in
2430 2467 2685 2532 equitibus

1628 2550 1976 2608 recensendis,
1991 2548 2164 2598 multis
2178 2561 2335 2611 equos
2352 2544 2685 2602 ademissent,

1630 2629 1839 2692 publica
1884 2625 2095 2685 invidia,
2131 2622 2485 2672 annitentibus
2521 2621 2686 2670 tribn-

1630 2704 1711 2753 uis
1737 2703 1921 2768 plebis,
1945 2698 2247 2764 flagrarunt.
2312 2696 2556 2746 Odiosior
2578 2711 2686 2745 om-

1627 2780 1779 2830 uibus
1817 2778 2018 2842 Appius
2048 2775 2227 2839 populi
2258 2773 2517 2823 sententia
2549 2787 2685 2823 unus

1628 2855 1947 2905 damnandus
1973 2860 2105 2903 erat.
2173 2851 2442 2901 Gracchus
2462 2862 2684 2913 concep-

1630 2932 1701 2981 tis
1721 2930 1891 2980 verbis
1900 2923 2124 2993 juravit,'
2141 2927 2184 2976 si
2208 2925 2331 2992 quid
2357 2926 2407 2974 in
2430 2925 2686 2987 collegam
2729 2977 2758 2986 „

1630 3009 2019 3067 decerneretur,
2056 3019 2156 3054 nou
2204 3010 2485 3065 expectato
2521 3003 2587 3051 de
2628 3016 2688 3051 se

1616 3085 1837 3151 judicio,
1852 3084 2091 3135 comitem
2110 3083 2250 3133 exilii
2266 3082 2513 3131 futurum.
2549 3081 2690 3131 Con·

1629 3174 1769 3213 stans
1805 3163 2030 3213 Gracchi
2059 3161 2327 3223 integritas
2353 3161 2593 3224 populum
2617 3159 2690 3207 ad

1631 3240 1999 3291 absolvendum
2042 3237 2272 3298 Appium
2306 3232 2581 3285 commovit
2624 3231 2693 3281 A.

1630 3322 1700 3378 U.
1739 3319 1800 3368 C.
1832 3323 1946 3368 585.
1981 3322 2103 3365 ante
2138 3315 2259 3365 Chra
2292 3318 2407 3363 169.
2472 3313 2689 3374 Pighius

1629 3412 1699 3447 ex
1724 3394 1985 3446 asteriscis
2007 3393 2092 3458 qui
2118 3392 2171 3441 in
2192 3391 2412 3455 antiquis
2434 3390 2574 3440 libris
2598 3405 2690 3440 uo-

1633 3474 2019 3535 tantur,locum
2051 3472 2185 3520 hunc
2207 3480 2443 3518 truncum
2476 3468 2694 3533 arbitra·

1637 3559 1741 3615 tur,
1762 3558 1818 3600 et
1841 3551 1915 3598 sic
1939 3547 2046 3597 fere
2070 3545 2412 3612 supplendum
2442 3546 2658 3610 conjicit
2676 3563 2692 3596 ε

1635 3630 1651 3658 ‘
1670 3628 1834 3681 ,Velut
1856 3625 2085 3676 Gracchi
2110 3626 2271 3689 patris
2292 3623 2511 3687 factum,
2534 3624 2693 3678 colle-

1636 3719 1754 3767 gam
1789 3717 1934 3752 reum
1968 3716 2070 3751 non
2105 3700 2413 3757 deserentis,
2443 3699 2535 3749 sed
2563 3700 2695 3750 utri-

1635 3793 1795 3842 usque
1854 3792 2061 3827 causam
2106 3791 2258 3826 uuam
2292 3791 2402 3825 esse
2453 3777 2698 3830 volentis.

1638 3857 1807 3907 Quem
1843 3869 1968 3917 pop.
2013 3854 2162 3902 Rom.
2201 3851 2267 3902 ob
2304 3851 2353 3900 id
2389 3851 2606 3909 factum,
2639 3860 2697 3902 et

1639 3932 1773 3998 quod
1808 3934 2059 3982 insciente
2082 3932 2277 3993 collega
2300 3931 2351 3980 in
2376 3944 2594 3980 censura
2617 3932 2696 3980 ni-

1635 4009 1709 4058 hil
1732 4009 1912 4074 gessit,
1933 4014 2052 4071 post
2072 4022 2338 4057 censuram
2361 4008 2549 4058 iterum
2573 4023 2696 4058 con·

1635 4088 1802 4146 ‚sulem
1837 4085 2004 4151 fecit,'
2037 4100 2169 4137 auno
2204 4086 2406 4138 scilicet
2437 4088 2551 4135 591.
2575 4091 2699 4138 ante

1642 4163 1765 4215 Chr.
1789 4166 1903 4213 163.
