3020 4942
2343 369 2519 437 1045

329 522 577 612 parta,⁶
620 546 744 592 nec
803 525 890 591 ad
943 546 1142 593 suum
1190 527 1659 605 commodum:
1721 528 1845 593 sed
1893 527 1982 597 ad
2040 527 2321 594 aliorum
2363 549 2518 596 esso

330 630 612 715 collata,
660 649 957 714 seseque,
998 633 1056 695 si
1101 649 1306 715 quam
1345 631 1614 712 gloriam
1658 630 2000 714 peperisse
2031 631 2352 709 videatur,
2384 632 2520 697 etsi

328 748 414 796 ea
451 732 702 799 nonsit
729 731 954 815 iniqua
986 752 1240 798 meroes
1285 733 1591 816 periculi,
1638 740 1860 799 tamen
1890 752 1974 798 ea
2009 753 2146 799 non
2185 734 2521 812 delectari,

334 840 678 919 totamque
730 834 1018 918 abjicere
1059 843 1263 918 atque
1308 836 1676 919 deponere:
1734 837 2138 921 omninoque
2170 837 2522 924 perficiem

329 938 493 1002 dum
534 944 656 1012 est,
697 936 1047 1022 (quoniam
1092 939 1396 1022 plerique
1450 945 1604 1003 sunt
1646 939 1883 1016 invidi,
1929 940 2355 1023 maximeque
2413 945 2523 1005 est

333 1041 464 1107 hoe
520 1061 868 1107 commune
919 1042 1178 1119 vitium,
1220 1050 1291 1106 et
1335 1048 1851 1125 pervagatumt⁷
1896 1042 2256 1124 [invidetur
2296 1050 2524 1107 autem

335 1145 691 1226 praestanti
738 1142 1136 1228 florentique
1179 1145 1542 1227 fortunae])
1587 1153 1657 1210 ut
1697 1145 1847 1211 haec
1894 1146 2127 1230 opinio
2169 1147 2522 1219 minuatur.

329 1253 428 1321 et,
475 1246 595 1310 illa
650 1246 988 1311 excellens
1048 1248 1361 1330 opinione
1413 1247 1733 1313 fortuna¹⁸
1787 1268 1938 1313 oum
1997 1249 2386 1313 laboribus⁸
2452 1252 2524 1311 et

331 1348 620 1414 miseriis
669 1350 995 1432 permista
1022 1349 1048 1387 ⁸
1114 1369 1265 1414 esse
1322 1349 1654 1415 videatur.
1745 1351 1897 1415 211.
1940 1349 2104 1416 Iam
2153 1349 2523 1415 misericore

1025 384 1124 431 ns
1169 383 1545 444 ons'roan,
1591 383 1678 432 11.
1716 366 1827 433 62.

397 1507 426 1576 ᾖ·
462 1475 713 1550 ἐπεῖναι
734 1500 820 1550 illa
841 1499 1064 1564 fortuna,
1085 1505 1142 1550 ut
1162 1501 1369 1551 homines
1391 1503 1666 1565 opinantur.

1259 1608 1631 1632 ‘Mb-‘em‘

333 1685 751 1749 flausingen—6
782 1686 961 1738 Guelf.
984 1693 1034 1738 2.
1055 1693 1103 1738 3.
1124 1702 1223 1739 esse
1242 1694 1427 1753 parata.
1497 1687 1640 1750 Mox,
1664 1702 1770 1749 que
1788 1702 1919 1737 mm
1935 1687 2141 1749 gloriam
2171 1703 2222 1751 p.
2250 1687 2523 1749 videantur,

328 1754 518 1801 omisso
549 1766 753 1816 seseque,
771 1754 954 1818 Steph.
1019 1770 1207 1831 seuque
1241 1757 1437 1804 omittit
1470 1755 1627 1803 etiam
1662 1755 1841 1803 Lamb.
1912 1754 2059 1813 Dein,
2081 1768 2177 1817 pro
2198 1755 2307 1810 etsi,
2332 1753 2467 1816 quod
2491 1768 2522 1805 ο

328 1817 469 1878 conj.
503 1817 647 1866 dedit
684 1818 911 1877 Ernesti,
949 1823 1140 1868 tametsi
1177 1818 1367 1868 babent
1405 1821 1556 1871 Junt.
1597 1818 1774 1867 Lamb.
1802 1818 1998 1868 Pearc.
2039 1818 2202 1868 Orell.
2241 1822 2405 1867 tamen
2432 1818 2525 1867 etsi.

329 1881 487 1937 codd.
512 1885 708 1947 aliquot
739 1891 798 1933 et
833 1884 956 1933 edd.
991 1885 1152 1947 antiq.
1173 1885 1328 1934 Grut.
1350 1885 1583 1934 Gronov.
1605 1888 1751 1934 1692.
1801 1884 1908 1933 Pro
1926 1883 2110 1947 iniqua,
2131 1884 2278 1935 Juut.
2303 1891 2360 1932 et
2380 1882 2526 1933 Crat.

329 1953 580 2010 aqum—7
616 1949 702 1997 Its
722 1950 875 1999 codd.
906 1950 1057 2013 Regii
1093 1966 1176 2012 ap.
1201 1952 1275 1999 Le
1307 1951 1475 1999 Clerc.
1495 1950 1645 2002 Junt.
1667 1948 1848 1998 Lamb.
1909 1955 1957 1997 et
1986 1956 2259 2013 perpetuam
2280 1947 2434 1998 Grut.
2458 1964 2526 1999 ex

331 2014 533 2075 aliquot
572 2013 728 2061 codd.
760 2015 1051 2076 maximeque
1082 2019 1153 2063 est
1187 2014 1273 2063 hoc
1310 2015 1479 2064 vitium
1514 2021 1824 2078 pervagatum
1858 2012 1976 2062 edd.
2012 2029 2052 2064 s.
2090 2016 2124 2063 l.
2148 2023 2201 2064 et
2225 2028 2272 2062 a.
2298 2029 2357 2062 ac
2384 2014 2521 2073 Lips'.
2562 2064 2565 2067 Α

327 2080 344 2107 ⁸
367 2078 515 2140 Mox,
536 2077 778 2128 invidetur
794 2112 810 2127 .
828 2111 842 2126 .
861 2112 876 2127 .
900 2077 1115 2139 fortune
1135 2080 1246 2129 siae
1266 2093 1425 2130 causa
1445 2082 1594 2131 nucis
1631 2081 1837 2131 inclusit
1875 2078 2121 2130 Ernesti.'
2157 2080 2406 2131 ona—8
2439 2079 2526 2129 Ita
2624 2127 2634 2135 ,

1323 2193 1534 2255 ΝΟΤΙΕ
1550 2226 1553 2227 ⁷

330 2303 485 2354 quam
509 2288 663 2344 ferte,
687 2289 754 2339 de
784 2291 959 2355 capite
984 2291 1226 2342 deducite
1250 2291 1387 2355 quod

329 2366 500 2415 usuris
522 2374 942 2428 pernumeratum
962 2375 1048 2417 est
1067 2382 1081 2416 ε
1100 2369 1214 2435 jam
1231 2364 1390 2416 nihilo

330 2456 450 2493 mea
495 2441 645 2492 turba
687 2456 836 2508 quam
874 2444 1025 2493 ullius
1065 2444 1390 2506 conspectior

330 2521 453 2570 erit.
520 2520 594 2570 At
616 2521 751 2570 enim
776 2518 896 2585 qnid
923 2520 998 2568 ita
1026 2520 1164 2569 solus
1199 2534 1295 2582 ego
1318 2521 1389 2569 ci-

330 2599 470 2646 vium
492 2611 668 2647 curam
693 2597 829 2661 ago?
863 2596 1040 2645 Nihilo
1067 2596 1230 2659 magis
1249 2593 1389 2659 quod

332 2674 673 2737 respondeam
711 2673 896 2731 habeo,
936 2686 1090 2736 quam
1120 2673 1163 2721 si
1189 2685 1402 2735 quaeras

329 2751 455 2815 quid
481 2752 556 2799 ita
585 2752 721 2799 solus
758 2749 1074 2812 Capitolium
1111 2761 1388 2811 arcemque

332 2828 665 2876 servaverim.
732 2826 802 2874 Et
826 2833 931 2873 tum
971 2825 1216 2873 universis
1238 2837 1388 2887 quam

332 2904 477 2968 potui
508 2918 662 2968 opem
683 2902 800 2964 tuli,
825 2910 881 2953 et
916 2915 1054 2951 nunc
1074 2901 1289 2966 singulis
1312 2901 1391 2952 fe-

335 2980 485 3030 ram!

395 3064 418 3090 1'
452 3056 556 3107 Nec
586 3057 650 3105 ad
683 3068 815 3104 susm
843 3053 1151 3118 eon-mam]
1188 3055 1266 3103 Ex
1289 3053 1390 3103 hoo

330 3136 506 3196 capite
530 3139 719 3182 motam
744 3132 798 3181 in
822 3144 877 3180 se
899 3131 1144 3180 invidiam
1168 3132 1389 3195 compri-

333 3213 431 3275 mit
473 3211 676 3260 Tullius
735 3215 862 3260 ortt.
905 3209 956 3259 iu
999 3210 1191 3272 Syllam
1232 3211 1259 3273 ξ
1305 3214 1390 3259 25.

328 3288 345 3315 ⁴
368 3287 477 3348 Ego
522 3288 679 3335 tantis
720 3300 751 3334 a
781 3298 864 3333 me
904 3283 1167 3333 beneficiis
1203 3285 1253 3332 in
1278 3298 1388 3347 rep.

333 3365 535 3427 positis,
560 3363 603 3411 si
640 3364 832 3412 nullum
859 3360 999 3411 aliud
1032 3361 1153 3411 milii
1186 3362 1390 3425 praemi-

333 3456 419 3490 um
442 3456 471 3489 a
496 3448 678 3490 senatu
708 3439 999 3502 populoque
1021 3438 1271 3500 Romano,
1292 3438 1390 3487 nisi

332 3517 602 3568 honestum
623 3516 783 3565 otium
803 3513 1135 3578 postularem,
1153 3517 1269 3580 quis
1289 3528 1391 3564 non

330 3592 681 3644 concederet?
725 3590 823 3641 sibi
857 3591 1111 3640 habereut
1154 3591 1390 3649 honores,

333 3671 433 3720 sibi
457 3669 691 3733 imperia,
714 3668 812 3717 sibi
838 3667 1148 3730 provincias,
1173 3668 1273 3717 sibi
1298 3670 1388 3719 tri·

333 3749 571 3811 nmplios,
591 3748 688 3796 sibi
713 3746 813 3795 alia
835 3746 1102 3809 praeclsrae
1127 3746 1288 3795 laudis
1313 3747 1391 3796 iu·

333 3827 499 3887 signia
517 3839 533 3872 ε
562 3824 681 3873 mihi
703 3823 891 3872 liceret
919 3823 1034 3885 ejus
1058 3822 1215 3878 urbis,
1236 3838 1384 3887 quam

329 3904 737 3961 conservassem,
770 3904 1080 3961 conspectu,
1111 3900 1389 3962 tranquillo

331 3974 509 4029 animo
540 3982 595 4026 et
624 3979 800 4040 quieto
831 3974 972 4025 frui?
1041 3975 1203 4037 Quid,
1226 3975 1267 4024 si
1290 3976 1389 4026 hoc

333 4071 437 4105 non
464 4053 705 4117 postulo?
738 4055 780 4102 si
806 4053 893 4102 ille
913 4053 1059 4102 labor
1082 4067 1222 4101 mens
1258 4054 1387 4116 pris·

331 4135 494 4195 tinus,
518 4133 558 4181 si
584 4129 881 4189 solicitudo,
902 4129 944 4178 si
976 4127 1163 4185 officia,
1198 4129 1239 4178 si
1264 4144 1387 4192 ope-

331 4225 428 4268 rae‚
453 4209 496 4258 si
520 4208 704 4271 vigiliae
721 4207 1012 4254 deserviunt
1036 4206 1233 4262 amicis,
1257 4221 1387 4268 prae·

330 4298 415 4337 sto
439 4291 559 4336 sunt
582 4282 854 4333 omnibus?
888 4283 931 4331 si
961 4296 1130 4345 neque
1161 4284 1315 4332 amici
1337 4284 1388 4333 iu

1469 2291 1584 2341 foro
1607 2292 1873 2357 requirnnt
1897 2278 2122 2341 studium
2149 2305 2334 2346 meum,
2356 2304 2522 2354 neque

1471 2369 1681 2430 respub.
1721 2371 1773 2418 in
1809 2370 1989 2418 curia?
2031 2369 2073 2418 si
2111 2358 2192 2417 me
2235 2381 2336 2417 non
2373 2368 2524 2418 modo

1470 2461 1640 2496 rerum
1674 2455 1937 2510 gestarum
1976 2446 2200 2503 vacatio,
2234 2444 2325 2495 sed
2357 2454 2524 2511 neque

1471 2524 1699 2586 honoris,
1722 2538 1887 2588 neque
1925 2525 2098 2573 aetatis
2123 2524 2390 2573 excusatio
2415 2524 2527 2573 vin·-

1470 2601 1613 2650 dicat
1649 2617 1679 2650 a
1717 2602 1928 2652 labore?
1970 2601 2014 2651 si
2050 2603 2287 2651 voluntas
2317 2616 2451 2658 maa,
2485 2603 2528 2656 si

1468 2680 1739 2743 industris,
1775 2679 1821 2728 si
1843 2681 2042 2735 domus,
2064 2679 2107 2727 si
2136 2679 2351 2735 animus,
2371 2679 2415 2728 si
2439 2694 2527 2728 au·

1470 2771 1553 2804 res
1579 2761 1762 2817 patent
1786 2756 2058 2805 omnibus?
2081 2755 2123 2805 si
2146 2755 2267 2805 mihi
2289 2769 2353 2804 ne
2373 2757 2436 2804 ad
2462 2771 2527 2806 ea

1467 2831 1673 2896 quidem
1698 2847 1813 2895 quae
1851 2846 1944 2895 pro
1973 2831 2140 2880 salute
2164 2833 2387 2881 omnium
2411 2847 2525 2896 ges-

1468 2908 1531 2967 si,
1554 2908 1872 2958 recordanda
1887 2914 1944 2957 et
1960 2906 2234 2971 cogitanda
2251 2908 2524 2972 quicquam

1470 2986 1782 3049 relinquitur
1804 2987 2048 3050 temporis
2064 2981 2277 3035 ?'tsmeu
2294 2984 2393 3034 hoc
2408 2999 2527 3049 reg*

1470 3077 1592 3112 num
1618 3062 1999 3127 appellabitur?
2017 3060 2166 3128 cujus'
2188 3064 2409 3112 vicarius
2437 3063 2526 3128 qul

1469 3142 1596 3208 velit
1621 3156 1756 3202 esse,
1778 3141 1993 3190 inveniri
2012 3155 2161 3190 nemo
2186 3139 2403 3203 potest.'

1537 3225 1556 3249 ⁸
1591 3219 1711 3266 Cum
1747 3216 2005 3282 laboribus]
2041 3217 2235 3266 Eadem
2260 3232 2354 3281 pro
2383 3217 2529 3280 Sylla

1469 3300 1602 3342 orat.
1634 3294 1789 3355 paulo
1825 3301 1942 3355 post
1974 3294 2002 3357 ς
2035 3296 2117 3342 29.
2147 3292 2222 3342 sic
2244 3293 2381 3343 idem
2402 3294 2525 3342 Tul·

1472 3370 1602 3419 lius:
1648 3369 1840 3420 ‘Quod
1882 3370 1924 3418 si
1961 3370 2061 3418 illis
2100 3370 2227 3419 meis
2273 3359 2527 3433 praesidiis
2600 3425 2603 3430 ,

1470 3446 1606 3495 forte
1632 3445 1850 3501 invides,
1881 3454 1935 3495 et
1972 3446 2014 3493 si
2050 3443 2145 3494 tibi
2178 3460 2241 3494 ea
2275 3447 2418 3510 regia
2453 3448 2530 3495 vi·

1471 3520 1679 3577 dentur,
1724 3518 1861 3584 quod
1908 3527 2082 3568 omnes
2130 3520 2249 3569 boui
2298 3523 2525 3572 omnium
2613 3579 2624 3584 ,

1472 3610 1717 3659 generum
1754 3602 1908 3658 atque
1947 3593 2181 3644 ordinum
2215 3609 2353 3644 suam
2393 3598 2528 3646 salu-

1472 3680 1579 3736 tem
1605 3688 1719 3721 cum
1743 3685 1858 3720 mea
1882 3672 2234 3734 conjungunt;
2258 3674 2528 3725 consolare

1471 3756 1547 3810 te,
1570 3749 1705 3813 quod
1724 3749 1946 3796 omnium
1964 3749 2528 3812 mentesimproborum

1466 3826 1592 3875 mihi
1617 3827 1702 3874 uni
1726 3827 1944 3874 maxime
1965 3832 2083 3874 sunt
2115 3823 2332 3875 infensa
2357 3835 2412 3876 et
2436 3828 2528 3876 ad-

1468 3917 1652 3958 versae,
1673 3904 1758 3964 qni
1784 3917 1864 3951 me
1889 3914 1989 3951 non
2009 3902 2171 3951 solum
2188 3901 2385 3952 idcirco
2402 3903 2526 3953 ode·

1470 3986 1609 4038 runt,
1648 3978 1783 4042 quod
1808 3992 1982 4027 eorum
2017 3984 2230 4027 conatus
2265 3977 2447 4042 impios
2469 3983 2527 4030 et

1470 4054 1696 4104 furorem
1723 4057 2127 4104 consceleratum
2154 4056 2403 4117 repressi3
2427 4058 2521 4107 sed

1470 4146 1534 4181 eo
1578 4134 1732 4179 etiam
1784 4132 1945 4194 magis
1977 4133 2111 4198 quod
2154 4132 2276 4180 nihil
2311 4133 2422 4195 jam
2467 4149 2525 4184 se

1470 4208 1636 4257 simile
1696 4222 1779 4257 me
1812 4212 1931 4257 viro
1971 4208 2149 4259 conari
2195 4221 2344 4273 posse
2384 4210 2521 4258 arbi·

1470 4282 1708 4333 trantur.’
2138 4301 2143 4302 ⁷
