3020 4942
492 339 663 409 1212
846 416 855 433 x
1267 356 1347 404 M.
1390 355 1460 405 τ.
1510 356 1918 405 etcsaoffls

452 526 453 531 ¹
489 511 607 571 aut
650 519 1079 588 quocumque
1117 498 1345 580 modo,
1385 518 1518 563 uon
1548 506 1626 563 ut
1653 500 2058 574 dictumest,
2086 502 2157 565 in
2201 520 2287 566 eo
2317 518 2557 584 genere
2585 503 2681 565 in-

492 608 823 690 telligitur,
881 604 1003 668 sed
1066 608 1141 667 ut
1195 620 1462 667 sensum
1508 604 1661 687 est!
1765 620 1995 668 xuni.
2063 603 2211 668 169.
2278 604 2685 670 Abutimur⁰

491 728 677 794 saepe
699 709 898 773 etiam
917 706 1117 772 verbo
1143 725 1272 770 nou
1298 713 1435 770 tam
1460 706 1812 788 eleganter,
1839 726 2043 790 quam
2072 708 2136 771 iu
2167 707 2652 780 transferendo;
2671 707 2690 745 ¹

491 811 616 875 sed
641 810 903 876 etiamsi
934 809 1266 886 licentius,
1303 812 1529 872 tamen
1568 808 1899 872 interdurn
1939 828 2075 872 non
2104 809 2562 892 impudenter:
2611 819 2686 874 ut

491 934 644 980 cum
670 917 691 948 ‘
709 912 1026 995 grandem
1060 910 1427 975 orationem
1449 910 1466 935 '
1496 930 1623 994 pro
1648 920 1934 993 magna,¹
1969 913 2324 976 ‘minutum
2350 914 2646 977 animum
2669 910 2686 938 '

492 1035 615 1100 pro
646 1034 855 1099 parvo
886 1012 1198 1077 dicimus.
1283 1011 1537 1076 Verum
1582 1013 1701 1077 illa
1741 1013 2074 1079 videtisne
2113 1033 2263 1079 esse
2302 1034 2432 1079 non
2480 1016 2687 1093 verbi,

492 1100 611 1189 sed
641 1116 1029 1193 orationis,···
1072 1134 1224 1198 quae
1264 1132 1354 1177 ex
1400 1114 1728 1197 pluribus,
1773 1124 1851 1180 ut
1892 1118 2198 1200 exposui,
2238 1118 2689 1183 translationi-²

491 1222 619 1285 bus
667 1237 977 1283 connexa
1021 1216 1226 1280 sunt?
1270 1216 1421 1282 haec
1467 1224 1720 1294 autem,
1767 1239 1920 1302 quae
1980 1227 2095 1284 aut
2143 1221 2499 1285 immutata
2540 1241 2688 1285 esse

491 1322 660 1400 dixi,
704 1329 822 1386 aut
866 1322 1058 1387 aliter
1100 1319 1551 1402 intelligenda,
1598 1339 1682 1386 ac
1728 1322 2122 1401 dicerentur,
2169 1331 2327 1387 sunt
2368 1324 2692 1389 translata

493 1424 783 1508 quodam
817 1424 1067 1488 modo.’⁸
1153 1417 1300 1488 170.
1347 1423 1463 1488 Ita
1486 1424 1586 1504 fit,
1611 1432 1688 1508 ut
1717 1425 1934 1490 omnis
1960 1425 2365 1508 singulorum
2385 1433 2414 1462 ²
2452 1428 2690 1490 verbo-

492 1545 638 1593 rum
670 1526 883 1591 virtus
913 1534 1119 1609 atque
1146 1527 1300 1591 laus
1330 1526 1547 1591 tribus
1576 1528 1830 1592 existat
1856 1547 1947 1592 ex
1971 1530 2213 1593 rebus:
2247 1530 2306 1592 si
2332 1535 2448 1593 aut
2466 1539 2691 1594 vetus?

490 1635 633 1693 tum
661 1629 939 1694 verbum
963 1629 1095 1708 sit;
1143 1627 1325 1715 quod
1360 1635 1583 1692 tamen
1615 1629 2032 1694 consuetudo
2063 1629 2230 1694 ὦπα
2255 1632 2521 1712 possit:
2576 1637 2693 1694 aut

489 1732 737 1798 factum
798 1733 907 1797 vel
964 1731 1464 1816 conjunctione,
1522 1724 1633 1796 vel
1685 1733 2027 1807 novitate3
2075 1733 2142 1796 in
2201 1754 2333 1817 quo
2375 1735 2538 1798 item
2588 1743 2691 1798 est

491 1835 765 1898 auribus
824 1834 1433 1918 consuetudinique
1492 1835 1933 1916 parcendumz
1955 1846 1979 1873 ⁰
2004 1842 2024 1882 ³
2089 1839 2206 1899 aut
2257 1837 2690 1915 translatum3

492 1938 671 2025 quod
702 1939 988 2002 maxime
1018 1947 1337 2021 tanquam
1368 1936 1582 2002 stellis
1615 1939 2012 2020 quibusdam
2040 1946 2226 2003 notat
2254 1947 2324 2003 et
2352 1941 2690 2006 illuminat

495 2042 880 2104 orationem.

579 2143 731 2207 171.
780 2143 1097 2225 Sequitur
1121 2142 1539 2217 continuatio
1559 2144 1931 2220 irerbomm,
1963 2163 2112 2226 quae
2146 2143 2315 2207 duas
2342 2163 2449 2207 res
2481 2147 2696 2209 maxi-

494 2264 623 2321 me,
676 2244 1185 2308 collocationem
1240 2245 1544 2328 primum,
1588 2244 1832 2308 deinde
1872 2246 2139 2309 modum
2187 2247 2524 2330 quendam
2562 2248 2698 2312 for·

497 2350 806 2430 mamque
834 2347 1184 2413 desiderat.
1271 2345 1756 2411 collocationis
1787 2354 1894 2411 est
1923 2367 2318 2431 componere
2340 2355 2408 2413 et
2430 2359 2695 2414 struere

495 2451 722 2528 verba,
752 2451 875 2526 sic,
911 2455 980 2515 ut
1010 2470 1173 2515 neve
1213 2469 1417 2536 asper
1459 2470 1686 2515 eorum
1721 2459 2139 2528 concursuS,4
2180 2471 2350 2516 neve
2379 2452 2649 2518 hiulcus
2671 2460 2697 2501 Ρ

562 2643 587 2676 ¹²
623 2645 745 2692 Cum
774 2643 906 2692 aliud
939 2642 1169 2705 quidlibet
1206 2643 1522 2706 intelligitur,
1550 2658 1643 2694 non
1673 2650 1728 2693 ut
1762 2644 1867 2708 ipsa
1898 2645 2045 2694 verba
2080 2645 2305 2694 videntur
2333 2643 2616 2709 sig-nificare
2643 2645 2700 2694 ia

496 2715 622 2758 cerlo
641 2722 815 2769 genere
834 2714 1005 2766 sumta,
1027 2710 1109 2757 sed
1127 2713 1179 2757 ut
1202 2710 1245 2757 is
1272 2710 1353 2773 qui
1373 2710 1492 2758 dicit
1513 2712 1660 2759 sentit
1684 2711 1784 2770 ipse
1801 2726 1857 2758 ac
1878 2710 2139 2774 significat.
2208 2710 2294 2758 Sic
2325 2712 2388 2757 ad
2414 2709 2700 2774 significan-

498 2776 610 2822 dum
622 2774 790 2822 bellum
811 2772 1093 2821 adhibentur
1113 2773 1274 2836 verba,
1295 2789 1400 2836 quae
1419 2776 1673 2837 procellam
1694 2789 1750 2823 ac
1772 2781 2092 2837 tempestatem
2114 2775 2412 2839 significant.

500 2888 507 2898 ,
565 2836 582 2871 1
614 2839 729 2886 Non
750 2843 846 2886 tam
869 2838 1076 2898 eleganti
1099 2840 1249 2894 modo,
1269 2853 1409 2901 quam
1428 2854 1534 2888 cum
1549 2839 1800 2890 adhibetur
1821 2841 2091 2890 translatio.

549 2910 587 2935 ”⁸
622 2903 747 2952 Hoec
767 2903 925 2950 omnia
943 2918 1034 2950 non
1057 2902 1263 2963 singulis
1278 2904 1435 2953 zerbis
1448 2905 1769 2967 contineatur,
1789 2906 1873 2953 sed
1895 2908 2106 2958 oratione
2126 2908 2372 2970 perpetua.

561 2975 590 3005 ²⁸
625 2967 818 3018 Habent
838 2968 1018 3030 aliquid
1035 2968 1332 3029 metaphora.

564 3040 586 3065 ⁰
629 3032 889 3083 Videndum
908 3038 979 3082 est
999 3047 1058 3081 ne
1088 3047 1227 3082 aeres
1247 3039 1295 3082 et
1315 3034 1596 3092 consuetudo
1617 3032 1936 3097 offendantur.

1414 3161 1777 3182 eeeeeeeeee

570 3245 704 3293 cm».
730 3251 894 3293 xmn.
964 3248 988 3291 1
1028 3244 1113 3292 Ita
1146 3243 1296 3293 Junt.
1339 3244 1546 3298 Manat.
1584 3245 1739 3295 Grut.
1776 3259 1862 3308 pro
1899 3246 2043 3307 longa
2080 3243 2235 3305 Regii
2261 3245 2404 3303 tres,
2438 3244 2618 3302 Guelf.
2652 3251 2696 3296 1.

499 3310 683 3370 Stepl».
722 3308 898 3356 Lamb.
937 3318 999 3356 et*
1036 3309 1298 3359 otest—2
1333 3310 1460 3359 Voc.
1492 3310 1783 3371 singulorum
1825 3309 1973 3358 deest
2011 3311 2060 3357 in
2099 3310 2205 3357 Erl.
2230 3313 2372 3359 1.-3
2408 3308 2495 3358 Ita
2517 3324 2696 3360 omnes

503 3374 654 3425 codd.
690 3389 775 3433 ap.
817 3374 1002 3422 Pearc.
1037 3375 1211 3423 Wald.
1254 3373 1370 3423 Ald.
1402 3376 1553 3426 Junt.
1599 3376 1801 3424 Manat.
1842 3374 1999 3422 Grut.
2048 3375 2303 3437 parendum
2336 3374 2422 3422 ed.
2447 3390 2488 3422 s.
2515 3376 2548 3423 Ι.
2573 3387 2631 3425 et
2653 3394 2697 3426 a.

503 3442 695 3489 Venet.
719 3438 936 3487 Mediol.
954 3440 1216 3501 Steph..et
1244 3438 1421 3487 Lamb.
1486 3440 1635 3500 Mox,
1656 3445 1789 3490 notat
1813 3444 1861 3487 et
1882 3440 2096 3488 illustrat
2120 3437 2295 3487 Guelf.
2312 3442 2361 3488 3.
2412 3439 2630 3489 illustrat
2650 3447 2696 3490 et

502 3512 635 3555 notat
658 3503 833 3553 Guelf.
861 3509 906 3553 1.
963 3504 1177 3553 illustrat
1209 3509 1258 3554 et
1290 3501 1510 3553 nobilitat
1538 3506 1654 3554 Vet.
1680 3520 1763 3568 ap.
1785 3505 2065 3569 Steph.—4
2100 3501 2209 3553 Eri.
2237 3510 2281 3552 1.
2305 3508 2359 3552 ut
2392 3518 2453 3553 ae
2485 3509 2694 3569 asperior

1494 3629 1712 3682 NOTA-2
1773 3648 1777 3655 ·

435 3746 449 3752 —
504 3734 605 3784 qua
626 3721 873 3769 oriundus
896 3717 995 3769 fuit
1019 3719 1231 3769 Ennius.
1263 3727 1282 3752 ‘
1302 3721 1442 3784 Ergo
1473 3720 1563 3784 qui
1635 3719 1890 3769 cntionem·
1914 3718 2092 3766 durius
2114 3715 2526 3767 deflectimus‘ad
2547 3718 2699 3767 aliam

504 3797 616 3844 haec
649 3795 868 3852 fecerat,
892 3796 1113 3845 Rudium
1151 3796 1403 3845 hominem
1431 3796 1566 3861 (Eu-‘⁶
1635 3799 1792 3861 longe
1813 3812 1846 3845 a
1863 3795 2073 3858 propria
2093 3794 2456 3843 recedentem:
2489 3795 2563 3843 ita
2583 3809 2697 3858 par·

504 3872 672 3935 nium)
695 3875 911 3937 majores
936 3875 1098 3923 nostri
1122 3874 1173 3923 in
1196 3875 1459 3923 civitatem
1483 3888 1564 3923 re·
1635 3873 1802 3923 ricida
1834 3872 2028 3921 dicitur
2060 3868 2372 3919 interfector
2406 3871 2587 3920 matris
2612 3871 2700 3919 aut

506 3950 792 4014 ceperunt?
846 3951 958 4001 Cic.
981 3963 1078 4013 pro
1098 3950 1434 4015 Archia§22.
1490 3952 1566 4001 Ut
1637 3949 1855 4010 sororis3
1897 3949 2123 3997 calamus
2160 3948 2382 3996 sumitur
2415 3950 2571 4011 vulgo
2607 3947 2701 4010 pro

507 4031 682 4090 versus
715 4033 938 4088 constet,
960 4040 1054 4089 pro
1073 4026 1262 4086 ‚finimus
1294 4028 1408 4089 lege
1427 4019 1566 4086 suoi·
1627 4041 1827 4094 penna,
1850 4038 1963 4074 cum
1988 4026 2076 4073 ille
2099 4039 2161 4071 ex
2188 4023 2439 4073 arundine
2460 4024 2572 4083 fiat,
2588 4025 2703 4075 haec

508 4109 631 4153 mtto.
1158 4127 1165 4136 ⁴
1638 4105 1811 4153 avium
1837 4106 1905 4151 sit
1929 4103 2162 4165 propi-ia.
2451 4147 2473 4162 ,
2623 4101 2628 4108 ’

568 4183 591 4212 ⁶
626 4177 906 4244 Abutimur]
932 4178 1257 4229 catachresis
1275 4191 1365 4229 seu
1385 4180 1568 4230 abusio
1699 4187 1726 4224 r
1762 4180 1895 4229 Neve
1926 4178 2133 4241 hiulcus]
2186 4177 2366 4228 Qualis
2406 4184 2490 4227 est
2531 4177 2588 4228 iu
2623 4177 2699 4229 llis

510 4256 648 4305 §ocis
680 4263 781 4311 est,
806 4267 910 4319 qua
941 4255 1086 4304 verbi
1119 4256 1338 4320 alicujus
1368 4256 1567 4321 siguifi-
1641 4253 2004 4319 locutionibus,
2026 4255 2330 4304 ‘Persarum
2349 4268 2441 4312 rex
2460 4247 2703 4307 Xerses-⁹
