3020 4942
1017 388 1115 434 nn
1156 386 1543 447 cumcun,
1592 385 1675 437 ιι.
1716 369 1825 435 61.
2350 369 2522 433 1067

316 540 381 618 te
412 531 918 608 circumveniri,'
964 531 1370 599 subridicule
1401 530 1781 613 PhilippuS.
1872 530 1966 594 At
1999 537 2368 613 'utrumque
2411 548 2522 610 ge·-

318 658 450 702 nus
492 639 791 702 continet
835 638 1018 700 verbi
1068 635 1156 699 ad
1200 636 1459 699 literam
1517 633 1839 697 immutati
1894 631 2280 701 similitudo.
2368 631 2525 696 250.

318 741 432 806 Ex
466 741 786 822 ambiguo
830 740 1015 804 dicta
1044 738 1148 802 vel
1180 737 1638 819 argutissima²⁰
1670 740 2008 817 putantur,
2039 733 2157 798 sed
2187 754 2318 799 non
2350 754 2520 798 sem-

319 862 442 926 per
471 843 539 906 in
559 842 748 926 joce,
775 862 960 924 saepe
986 829 1184 905 etiam
1214 841 1283 902 in
1309 840 1645 921 gravitate
1673 846 1728 880 ¹0
1756 844 2129 901 versantur.
2195 834 2524 901 Africano

319 945 421 1010 illi
446 943 709 1027 majori,
741 953 1123 1007 coronam*
1147 941 1279 1005 sibi
1321 942 1387 1004 in
1436 941 1745 1006 convivio
1784 940 1869 1004 ad
1913 943 2120 1022 caput
2148 945 2523 1003 accommo-

321 1046 534 1122 danti,
595 1067 745 1110 cum
804 1066 889 1109 ea
939 1046 1193 1128 saepius
1242 1048 1678 1126 rumperetur,
1742 1043 1824 1108 P.
1879 1041 2178 1106 Licinius
2229 1040 2558 1117 Varusnv.

323 1153 345 1181 ‘
371 1148 539 1213 Noli
567 1148 840 1225 mirari,’
883 1148 1128 1231 inquit,
1177 1154 1196 1181 ‘
1217 1147 1276 1210 si
1305 1165 1437 1210 non
1468 1146 1786 1210 convenit
1809 1156 1884 1209 :³1-
1909 1149 2115 1228 caput
2137 1144 2310 1220 enim
2337 1163 2522 1224 mag-

319 1269 478 1314 num
509 1257 616 1314 est
635 1249 700 1315 :’¹
731 1251 1093 1328 laudabile,
1111 1255 1177 1313 et
1194 1250 1572 1314 honestum.
1617 1248 1710 1313 At
1738 1267 1827 1311 ex
1850 1248 2089 1311 eodem
2113 1266 2355 1327 genere
2382 1252 2526 1310 esti

311 1351 612 1416 ‘Calvus
633 1356 800 1416 satis
820 1359 924 1417 est
948 1374 966 1433 ;
1012 1351 1193 1436 quod
1218 1351 1386 1415 dicit
1406 1348 1734 1433 parum.'¹¹
1755 1358 1785 1396 Υ
1816 1349 1927 1414 Ne
1955 1350 2191 1413 multa:
2212 1359 2234 1390 ⁸
2266 1348 2522 1414 nullum

319 1474 529 1534 genus
548 1461 647 1520 est
659 1456 827 1539 joci,
848 1475 982 1539 quo
1002 1461 1190 1519 non¹²
1213 1474 1304 1519 ex
1320 1454 1556 1517 eodem
1577 1472 1806 1518 severa
1827 1461 1896 1517 et
1907 1453 2135 1536 gravia
2155 1456 2524 1515 sumantur.

315 1556 473 1621 251.
521 1558 748 1641 Atque
776 1559 905 1622 hoc
931 1566 977 1604 ¹³
1023 1559 1225 1620 etiam
1253 1555 1931 1632 animadvertendum,
1958 1574 2091 1618 non
2122 1573 2273 1617 esse
2302 1554 2527 1617 omnia

319 1660 614 1725 ridicula
643 1661 921 1726 faceta.·
1009 1659 1195 1739 Quid
1226 1661 1398 1724 enim
1433 1662 1655 1747 potest
1693 1677 1842 1722 esse
1865 1663 1921 1705 ¹4
1962 1663 2099 1721 tam
2142 1656 2524 1730 ridiculum,

384 1844 421 1867 ¹⁶
456 1837 538 1885 Ex
558 1836 902 1899 amphibologia
923 1838 1144 1885 oriuntur
1164 1837 1285 1886 sales
1303 1835 1589 1885 acutissimi.
1784 1842 1810 1865 ²
1848 1834 1891 1882 E
1910 1830 2119 1897 fioribus
2140 1835 2451 1888 contextam*

381 1909 409 1940 2¹
444 1900 506 1948 Si
528 1918 621 1949 non
643 1904 766 1951 satis
794 1905 1142 1952 accommodata
1164 1908 1249 1950 est.
1445 1908 1468 1933 ²
1505 1900 1683 1949 Paucis
1704 1899 1876 1963 dicam.

369 1973 410 2009 ‚¹¹
445 1966 709 2029 Elegantia
730 1973 778 2016 et
798 1974 1011 2016 venusta.

1245 2058 1608 2081 mecoenate

322 2170 586 2218 cumveniri
607 2186 635 2215 e
660 2170 883 2219 Strebaei
909 2171 1216 2232 conjectura
1241 2170 1422 2231 Steph.
1441 2182 1494 2218 et
1524 2169 1703 2217 Lamb.
1721 2167 2065 2230 probantibus
2088 2168 2274 2216 Pearc.
2298 2172 2353 2213 et
2378 2164 2526 2213 Heu·

319 2238 646 2296 singen—lo
670 2236 788 2283 ‘Pro
811 2237 860 2282 in
880 2237 1140 2298 gravitate,
1163 2239 1200 2298 ψ
1221 2237 1378 2285 babet
1400 2235 1786 2296 argaitum—ll
1823 2240 1835 2260 ⁸
1862 2233 2073 2282 Incerta
2113 2230 2264 2294 hujus
2290 2230 2416 2279 dicti
2449 2231 2526 2278 in·

290 2302 636 2360 ,ter-punctio.
709 2301 887 2348 Calvus
922 2302 1042 2348 satis
1073 2307 1179 2349 est:
1211 2304 1334 2364 quad
1349 2302 1467 2349 dicit
1487 2316 1660 2363 parum
1687 2298 1865 2347 Lamb.
1918 2299 2095 2346 Calvus
2115 2296 2236 2345 salis
2252 2302 2359 2353 est‚·
2402 2297 2524 2358 quod

318 2366 462 2425 dicit,
479 2380 647 2428 parum
669 2365 813 2413 Man.
837 2366 1044 2413 Schutz.
1107 2366 1302 2427 Calvus,
1337 2367 1459 2415 satis
1476 2371 1567 2421 est,
1606 2366 1730 2428 quod
1750 2365 1870 2412 dicit
1889 2377 2057 2425 parum
2081 2364 2147 2408 al.
2204 2362 2381 2409 Calvus
2403 2361 2527 2408 satis

319 2436 394 2479 est
415 2432 534 2494 quod
555 2430 692 2479 dicit.
761 2431 1003 2480 Parumne
1021 2427 1206 2479 multa?
1262 2430 1414 2480 Junt.
1454 2431 1599 2480 Crat.
1632 2431 1834 2479 Camer.
1872 2429 1956 2478 ed.
1989 2430 2131 2477 1584.
2200 2426 2246 2475 E
2283 2425 2523 2475 Strebaeo
2565 2479 2570 2484 ,

315 2511 418 2544 suo
444 2497 569 2557 (non
595 2511 709 2544 meo
745 2495 912 2543 Paris.
939 2496 1113 2557 1560.)
1147 2497 1423 2545 Schutzius
1462 2496 1663 2556 laudat,
1700 2496 1770 2545 At
1807 2509 1869 2543 eoe
1903 2495 2061 2542 eodem
2090 2507 2266 2553 genere
2300 2496 2371 2539 est
2405 2491 2527 2539 illua

296 2561 484 2616 Calvi,
505 2561 625 2609 satis
647 2568 736 2616 est,
753 2563 877 2623 quod
895 2562 1033 2609 «licit.
1100 2560 1344 2609 Parumne
1367 2562 1549 2623 multa?
1611 2559 1714 2608 Sed
1739 2559 2005 2608 Strebaens
2028 2559 2079 2606 in
2100 2566 2250 2605 textu
2286 2557 2442 2604 habet
2467 2564 2526 2604 ut
2581 2551 2590 2559 “

322 2626 474 2677 Jum.
511 2627 652 2675 Crat.
677 2627 881 2674 Camer.
968 2626 1029 2673 Iu
1056 2625 1442 2674 Commentario
1479 2625 1731 2686 explicat,
1770 2639 1870 2671 non
1908 2623 2173 2682 emendat,
2209 2622 2324 2669 ‘Ex
2363 2620 2527 2668 ambi·

322 2706 424 2750 guo
448 2700 529 2738 est
556 2692 678 2739 illud
706 2691 886 2740 Calvi.’
955 2691 1110 2739 Liber
1141 2692 1304 2754 antiq.
1343 2690 1643 2752 Camerarii‚
1677 2688 1749 2738 At
1771 2705 1833 2737 ex
1852 2690 2008 2736 eodem
2026 2698 2198 2748 genere
2219 2690 2292 2734 est
2318 2685 2525 2743 Calvus:

319 2757 446 2804 satis
465 2762 535 2803 est
558 2758 680 2818 quod
716 2757 888 2804 didicit
907 2771 1012 2817 par.
1035 2756 1117 2802 m.'
1152 2756 1452 2805 Orell.—12
1489 2755 1620 2804 Cod.
1657 2757 1712 2816 ψ.
1743 2755 1864 2815 quod
1885 2756 2140 2805 nom—13,
2162 2751 2232 2798 At
2254 2750 2340 2798 hoc
2361 2750 2411 2797 iu
2438 2765 2528 2797 eo·

318 2824 440 2870 dem
467 2822 713 2870 com—14
748 2822 880 2887 Voc.
903 2835 1000 2870 esse
1016 2821 1166 2873 deest
1192 2823 1242 2870 in
1268 2818 1442 2871 Guelf.
1464 2824 1515 2870 2.
1538 2824 1587 2869 3.
1603 2826 1657 2868 et
1678 2821 1729 2881 ψ.
1800 2819 1947 2878 Mox,
1968 2817 2145 2866 Samus
2171 2815 2280 2864 Erl.
2303 2818 2349 2864 1.
2385 2813 2523 2864 Sam-

1315 2965 1533 3017 No'rAE

317 3057 592 3107 ridiculum
650 3057 884 3122 Philippi
936 3057 1095 3108 faceti
1146 3058 1382 3108 oratoris.

318 3134 479 3183 Hunc
502 3135 679 3183 adibat
701 3135 883 3197 aliquis
901 3135 1046 3197 quus
1062 3135 1253 3183 halitus
1268 3143 1381 3183 erat

319 3211 495 3273 gravis
541 3218 597 3258 et
643 3211 775 3258 male
818 3212 958 3257 olens
994 3225 1011 3270 ς
1067 3210 1381 3259 exclamavit

317 3287 596 3348 Philippus
621 3285 825 3333 enecari
841 3301 896 3332 se
922 3291 1025 3332 tam
1045 3286 1188 3347 gravi
1206 3287 1381 3344 odore,

317 3376 491 3425 neque
532 3369 636 3410 tam
679 3375 735 3408 se
772 3359 1058 3416 conveniri,
1095 3374 1242 3422 quam
1281 3364 1381 3407 cir·

319 3439 640 3498 cumveuiri3
679 3437 775 3485 boc
816 3445 915 3492 est,
953 3435 1177 3498 opprimi
1203 3444 1255 3483 et
1290 3450 1384 3496 per

317 3529 506 3563 nomen
541 3515 874 3577 speciemque
917 3512 1159 3576 colloquii
1197 3510 1384 3574 praefo·

317 3591 427 3644 cari
453 3591 519 3639 ab
557 3592 659 3638 isto
681 3591 1013 3648 maleolente,
1045 3590 1189 3651 cujus
1211 3590 1383 3638 anima

315 3675 457 3716 esset
482 3663 642 3716 insta?
666 3667 850 3715 veneni
879 3665 1135 3727 pestiferi.

318 3801 323 3807 ,
388 3751 419 3774 w
454 3743 518 3790 P.
556 3742 773 3790 Licinius
834 3741 1012 3804 Varus]
1063 3742 1163 3793 Qui
1205 3742 1382 3790 multis

319 3819 706 3882 magistratibus
745 3820 949 3877 enregie
979 3816 1212 3879 functus,
1249 3833 1381 3879 prae-

319 3907 407 3946 tor
431 3897 678 3944 urbanam
710 3894 1130 3957 jurisdictionem
1155 3895 1382 3944 obtinuit

318 3973 389 4024 A.
411 3969 478 4021 U.
502 3974 560 4022 C.
583 3975 698 4020 546.
720 3979 842 4020 ante
867 3971 987 4020 Chr.
1011 3973 1124 4018 198.

320 4100 329 4107 ,
388 4056 413 4080 ¹
452 4051 609 4112 Caput
629 4049 753 4096 enim
772 4061 994 4107 magnum
1013 4046 1109 4109 est]
1129 4046 1383 4108 Ambigue

319 4126 519 4183 dictum
548 4125 628 4173 vel
653 4125 715 4170 ad
742 4124 1145 4186 magnitudinem
1175 4125 1382 4187 capitis,

323 4203 406 4263 vel
434 4203 496 4249 ad
524 4199 912 4263 amplitudinem
951 4202 1107 4250 animi
1133 4202 1264 4251 trabi
1291 4217 1380 4266 po·

322 4285 448 4332 test.

1519 3065 1541 3099 ἵ
1561 3056 1735 3104 Calvus
1745 3054 1870 3104 satis
1883 3059 1985 3111 est,·
2002 3053 2204 3117 [Calvus
2215 3068 2231 3099 .·
2249 3065 2290 3099 s.
2301 3066 2341 3100 e.
2349 3051 2388 3115 ,]
2403 3053 2526 3113 quod

1460 3133 1785 3197 dicitparum]
1807 3133 1886 3181 Ex
1901 3131 2080 3179 eodem
2099 3128 2318 3189 ambigui
2331 3140 2524 3190 genere

1463 3219 1545 3259 est
1569 3211 1659 3260 illa
1683 3223 1781 3257 vox
1805 3207 1951 3259 Calvi
1980 3203 2271 3270 eujusdam,
2294 3203 2379 3266 qui
2406 3217 2523 3251 cum

1463 3285 1671 3335 audiret
1686 3293 1943 3333 oratorem
1963 3283 2214 3345 ineptum,
2231 3295 2261 3328 a
2284 3295 2385 3344 quo
2402 3294 2525 3343 pan-

1462 3376 1524 3412 ca
1561 3361 1798 3424 qnaedam
1842 3362 1987 3408 dieta
2027 3358 2256 3414 fuerant,
2292 3357 2365 3406 ait
2399 3357 2525 3405 satis

1463 3441 1529 3488 ab
1558 3455 1621 3488 eo
1656 3440 1852 3488 dictum
1883 3453 2017 3499 esse,
2038 3439 2145 3485 sive
2183 3434 2309 3484 illud
2340 3448 2523 3498 param

1467 3515 1602 3580 quod
1635 3515 1852 3562 dixisset
1882 3514 1983 3562 iste
2014 3521 2209 3574 orator,
2233 3511 2355 3559 satis
2390 3526 2527 3570 esse„

1465 3591 1550 3640 cui
1572 3598 1748 3637 tacere
1769 3588 1927 3635 salius
1946 3586 2131 3636 fnisset
2153 3586 2355 3634 omnino
2372 3600 2524 3647 qulam

1463 3665 1623 3730 loqui.
1688 3664 1823 3713 Haec
1846 3668 1961 3711 erat
1984 3664 2129 3711 Calvi
2156 3676 2300 3710 mens
2325 3669 2380 3709 et
2408 3677 2523 3710 sen·

1465 3743 1667 3801 teatin
1700 3740 2028 3803 quantumvis
2067 3739 2200 3787 enim
2239 3752 2417 3800 parum
2456 3738 2526 3787 sit

1466 3819 1604 3881 quod
1641 3819 1846 3881 ineptus
1879 3804 2044 3877 dicat,¹
2076 3815 2173 3863 hoc
2213 3816 2328 3877 plus
2366 3814 2526 3862 nimio

1464 3902 1564 3942 est.
1633 3894 1827 3942 Eadem
1853 3900 2022 3940 tamen
2042 3891 2204 3939 verba
2219 3898 2339 3938 sunt
2364 3890 2523 3939 ambi·

1462 3987 1597 4034 gua3
1630 3979 1848 4036 possunt
1870 3971 2004 4019 enim
2032 3971 2200 4032 accipi
2232 3971 2280 4018 in
2315 3970 2521 4020 laudem

1464 4049 1610 4097 istius
1646 4049 1881 4104 oratoriS,
1905 4049 2051 4112 quasi
2075 4048 2198 4095 satis
2223 4046 2387 4096 multa
2408 4047 2523 4097 dix·

1464 4123 1594 4172 isset
1631 4124 1696 4172 ad
1731 4138 1933 4172 causam
1980 4123 2297 4186 probandam
2345 4130 2400 4173 et
2434 4125 2523 4174 ob·

1463 4201 1748 4265 tineudam,
1786 4201 1889 4252 etsi
1934 4212 2115 4265 parum
2152 4203 2358 4252 locutus
2395 4201 2529 4252 suis·

1464 4286 1565 4331 Set·
2419 4302 2428 4305 ⁴
