3020 4942
992 388 1090 435 nn
1137 385 1521 450 murrona,
1570 369 1839 436 111.15.

2329 372 2502 439 1155
2565 401 2570 406 ’

312 540 506 600 vetus
536 532 807 618 quidem
827 530 949 597 illa
975 532 1304 607 doctrina,
1331 532 1575 598 eadem
1604 530 1866 597 videtur
1891 538 1956 598 et
1984 540 2164 598 recte
2185 533 2500 615 faciendi,

314 645 386 702 et
436 639 609 702 bene
665 635 928 700 dicendi
975 637 1334 718 magistra3
1379 655 1599 719 neque
1646 619 1960 720 disjuncti
2005 637 2337 715 doctores,
2380 639 2504 704 sed

310 738 511 804 iidem
540 746 726 804 erant
745 738 1015 803 vivendi
1042 747 1501 822 praeceptores
1527 745 1731 821 atque
1756 737 2056 820 dicendi;
2091 749 2165 803 ut
2187 741 2297 804 ille
2322 742 2502 826 apud

252 903 257 908 ,
313 838 681 903 Homerum
701 848 727 885 3
759 835 1108 910 Phoeuix,¹¹
1137 839 1255 922 qui
1284 858 1360 902 se
1393 858 1434 901 a
1468 833 1716 903 Peleoi
1759 844 1948 922 patre
1978 838 2266 904 Achillij
2306 842 2504 925 juve-

310 942 379 1005 ni
410 943 726 1006 comitem
753 962 901 1006 esse
929 942 1159 1006 datum
1199 941 1365 1005 dicit
1392 942 1479 1005 ad
1518 939 1792 1016 bellum,
1839 948 1913 1007 ut
1953 942 2141 1007 illum
2173 941 2509 1008 efficeret*

312 1051 334 1078 ‘
361 1051 689 1111 oratorem
729 1048 1103 1121 verborum,
1137 1053 1565 1128 actoremque
1595 1045 1861 1111 rerum!

1948 1048 2061 1112 58.
2107 1047 2245 1111 Sed
2274 1029 2349 1112 ui
2385 1047 2504 1113 ho-

312 1149 551 1227 mineS,
582 1149 816 1214 labore
835 1153 860 1197 ⁵
906 1150 1185 1214 assiduo
1216 1159 1282 1214 et
1312 1148 1704 1235 quotidiano
1727 1150 2003 1228 assueti,
2031 1170 2183 1218 cum
2217 1155 2506 1234 tempes-

325 1253 484 1317 tatis
508 1271 718 1346 causa
747 1251 1468 1338 opere-prohibentur,”
1499 1253 1587 1317 ad
1617 1252 1823 1337 pilam
1841 1249 1869 1288 ¹³
1897 1273 1994 1333 se,
2025 1260 2139 1318 aut
2168 1252 2255 1317 ad
2286 1249 2509 1331 talos,¹

373 1462 402 1485 ’⁸
439 1455 561 1503 Cum
576 1458 774 1519 propter
788 1454 1131 1504 incommodam
1151 1457 1469 1517 tempestatem
1488 1457 1723 1515 eoguntur
1744 1453 1947 1503 laborem
1966 1453 2299 1504 intermittere.

1215 1578 1577 1610 enteca-loeo

309 1678 409 1723 —2
443 1674 624 1724 Lamb.
645 1674 779 1739 conj.
801 1690 859 1724 ae
880 1674 994 1724 oitoe
1016 1674 1289 1725 studim—3
1325 1675 1506 1726 Lamb.
1525 1681 1571 1726 et
1594 1677 1959 1740 querenda-4
1992 1676 2100 1727 Erl.
2124 1679 2173 1726 1.
2207 1681 2262 1726 ut
2292 1678 2511 1743 efficeret,

1306 1814 1353 1865 N
1364 1813 1523 1866 01*AE

377 1930 403 1965 Β
435 1920 721 1986 Homerum]
769 1880 875 1972 Hic
918 1921 1192 1987 poetarum
1230 1920 1372 1985 prin-

311 2014 437 2064 ceps
460 2009 620 2049 aetate
641 1999 745 2050 fuit
767 2001 953 2052 ceteris
971 1999 1202 2050 omuibus
1219 1998 1373 2063 longe

309 2078 562 2139 superior,
575 2078 688 2141 jam
713 2087 819 2127 tum
843 2078 909 2126 ab
932 2077 1058 2140 ipsis
1084 2076 1373 2127 Salomonis

202 2205 207 2206 γ
311 2155 636 2217 temporibus
658 2155 898 2217 celebris,
918 2156 1063 2204 annis
1097 2161 1217 2205 aute
1250 2155 1372 2207 Chr.

313 2235 460 2280 1016.
531 2232 615 2281 De
650 2232 803 2295 hujus
833 2233 1028 2297 origine
1051 2233 1375 2282 contendunt

313 2317 516 2372 septem
554 2310 726 2372 urbes,
746 2311 986 2373 Smyrna,
1008 2310 1244 2367 Rhodus,
1274 2312 1373 2361 Co-

310 2385 521 2449 lophon,
538 2387 787 2449 Salamin,
805 2388 913 2450 Ios,
932 2385 1123 2449 Argos,
1139 2386 1376 2436 Athenae.

313 2459 470 2514 Hunc
505 2465 548 2513 si
582 2466 697 2530 quis
729 2464 926 2514 cascum
955 2465 1184 2527 genitum
1208 2471 1376 2528 putat,

311 2539 484 2604 inquit
517 2540 752 2590 Velleius
788 2541 825 2589 l.
861 2555 900 2590 1.
940 2539 1174 2591 omnibus
1212 2540 1376 2589 sensi-

310 2614 408 2665 bus
430 2615 587 2666 orbus
609 2625 709 2666 est.

375 2690 402 2725 ¹²
437 2692 667 2757 Phoenix]
704 2692 1004 2742 Phoenicem
1031 2691 1248 2742 Achillis
1270 2705 1376 2741 ma·

313 2768 532 2832 gistrum
555 2771 630 2818 sic
650 2770 847 2818 inducit
865 2770 1160 2833 loquentem
1182 2770 1376 2818 Home·
1396 2774 1407 2781 ‘

312 2859 401 2893 rus
428 2845 491 2896 Il.
514 2852 555 2894 1.
585 2845 667 2898 Σοὶ
688 2845 742 2894 δέ
769 2843 1022 2907 μ”ἔπεμπε
1050 2843 1204 2909 γέρων
1235 2845 1376 2904 ἱππη-

310 2920 441 2970 λάτα
462 2921 651 2982 Πηλεύς
681 2957 696 2973 .
717 2957 732 2972 .
757 2955 771 2971 .
798 2957 813 2971 .
846 2921 1054 2977 Τοῦιζεκά
1081 2941 1142 2983 με
1161 2920 1378 2985 προέηκε,

312 3000 639 3061 διδασκέμεναι
668 3000 783 3050 τάδε
815 2999 994 3059 πάντα,
1016 2999 1187 3050 Μόθων
1215 3019 1272 3050 τε
1293 3001 1375 3064 ῥη-

310 3078 416 3139 τῆρ’
438 3075 613 3138 ἔμεναι,
629 3078 876 3141 πρηκτῆρά
896 3097 953 3129 τε
970 3077 1138 3144 ἔργων.
1208 3080 1378 3129 Tecum

310 3156 421 3202 vero·
455 3169 528 3203 me
549 3156 685 3204 misit
712 3171 857 3205 senex
885 3171 1025 3219 eques
1046 3152 1221 3207 Peleus
1245 3192 1259 3208 .
1285 3189 1300 3206 .
1322 3191 1336 3206 .
1359 3191 1374 3208 .

311 3229 578 3293 Propterea
609 3245 682 3279 me
716 3231 872 3294 misit,
891 3237 947 3281 ut
968 3238 1017 3282 te
1048 3235 1258 3282 docerem
1277 3235 1379 3282 liceo

290 3300 485 3362 omnia,
510 3308 579 3357 Ut
594 3308 782 3358 dicendi
803 3310 852 3357 vi
872 3313 1145 3371 pmstam,
1162 3317 1209 3359 et
1227 3311 1377 3374 operi-

312 3383 397 3432 bns
413 3385 615 3445 agendis
636 3387 903 3435 excelleres.

381 3457 396 3492 ¹
427 3460 592 3526 Peleo]
629 3460 822 3509 Peleus
841 3460 990 3511 AEaci
1007 3459 1146 3510 filius
1166 3475 1232 3511 ex
1244 3462 1375 3512 The·

311 3533 423 3584 tide
447 3539 626 3598 genuit
645 3535 918 3588 Achillem.

371 3611 388 3654 ἱ
422 3612 627 3675 Achiui]
662 3614 767 3666 Qui
790 3615 944 3696 heros
971 3613 1187 3664 Homeri
1207 3580 1378 3664 Iliade

310 3687 677 3738 celeberrimus
702 3690 813 3739 est.

330 3772 335 3776 ’
374 3762 399 3797 ¹¹
436 3752 619 3828 Pilum]
656 3765 812 3817 Hunc
832 3766 1011 3816 ludum
1031 3768 1106 3818 sic
1127 3767 1378 3820 describit

308 3838 479 3891 Julius
502 3841 694 3891 Pollux
716 3856 800 3892 rx.
820 3847 870 3892 7.
937 3844 1130 3895 Graeca
1148 3843 1372 3894 brevita-

311 3917 378 3967 tis
400 3918 615 3968 studiosi
643 3921 1113 3985 praetermittimus‚
1136 3936 1253 3986 quae
1276 3922 1374 3971 La·

306 3995 420 4042 tine
459 3996 736 4045 reddimus.
805 3998 1044 4053 Luditur,
1075 3998 1262 4062 inquit,
1297 4015 1375 4049 se-

219 4118 221 4121 ,
305 4070 532 4118 cundum
572 4073 953 4124 multitudinem
989 4075 1257 4139 dispositis
1285 4090 1375 4137 pa-

308 4142 452 4192 ribus
476 4146 541 4191 ad
564 4161 743 4206 pares:
789 4150 978 4199 deinde
1002 4151 1224 4197 mediam
1249 4152 1376 4199 edu-

308 4218 438 4271 cunt
462 4221 667 4282 lineam,
686 4237 838 4285 quam
863 4238 1068 4289 scyrum
1090 4229 1378 4291 appellant.

308 4298 452 4347 Huic
472 4297 751 4360 imponitur
771 4299 907 4362 pila:
946 4309 1052 4349 tum
1070 4302 1196 4352 duas
1214 4303 1376 4356 lineas

1455 1927 1574 1985 post
1588 1928 1923 1987 utrorumque
1937 1923 2168 1973 ordinem
2186 1924 2511 1975 describunt:

1456 1998 1670 2047 vincunt
1701 2000 1788 2062 qni
1819 1999 1926 2064 pila
1946 2000 2099 2049 missa
2122 2001 2247 2052 alios
2270 2003 2335 2051 ad
2361 2003 2513 2052 aliam

1453 2091 1615 2141 usque
1638 2077 1824 2126 lineam
1848 2079 2164 2142 pepulerint.
2231 2079 2351 2130 Alio
2381 2094 2512 2143 prava

1453 2160 1602 2203 terea
1636 2153 1789 2203 modo
1812 2155 2024 2221 luditur,
2044 2172 2159 2206 cum
2184 2158 2291 2220 pila
2315 2172 2515 2210 sursum

1454 2231 1693 2294 projecta
1746 2238 1867 2280 ante
1922 2231 2085 2283 debet
2137 2229 2309 2297 excipi
2360 2249 2514 2284 manu

1453 2321 1609 2372 quam
1645 2314 1836 2356 terram
1866 2309 2122 2373 attigerit,
2151 2311 2285 2373 quod
2320 2312 2513 2362 Home·

1450 2396 1539 2430 rus
1561 2382 1614 2430 in
1637 2382 1945 2433 Phaeacibus
1971 2385 2179 2436 videtur
2205 2386 2516 2452 intelligere.

1520 2456 1533 2492 ¹
1569 2459 1730 2525 Telos]
1765 2459 1841 2510 Ut
1865 2471 2073 2527 ea,quae
2095 2463 2161 2513 de
2187 2465 2304 2514 talis
2320 2464 2404 2515 hic
2426 2464 2515 2515 ob-

1455 2551 1739 2601 servamus,
1760 2536 1961 2588 facilius
1983 2541 2356 2605 intelligantur,
2376 2542 2513 2591 haud

1456 2614 1548 2664 abs
1564 2629 1620 2664 re
1632 2614 1791 2664 fuerit
1806 2624 1979 2665 notam
1995 2619 2059 2666 de
2075 2619 2285 2668 tesseris
2300 2634 2516 2684 sequen·

1456 2701 1563 2741 tem
1584 2693 1884 2756 praelegere.
1918 2695 2048 2758 Tali,
2066 2711 2192 2758 quos
2206 2698 2379 2746 Graeci
2401 2696 2516 2747 dix-

1456 2783 1546 2817 ere
1570 2767 1916 2833 ἆστραγάλους,
1929 2787 1959 2820 a
1979 2776 2189 2822 tesseris
2208 2772 2519 2825 differebant

1457 2845 1562 2894 situ
1580 2861 1595 2907 3
1615 2859 1782 2909 neque
1805 2849 1940 2896 enim
1961 2857 2182 2912 quatuor
2205 2850 2518 2901 insistebant

1458 2920 1730 2979 lateribus,
1744 2923 1835 2971 sed
1861 2939 1963 2988 qua
1980 2935 2128 2989 parte
2145 2927 2349 2976 sinuata
2366 2934 2518 2978 erant

1457 3004 1516 3047 et
1551 2998 1712 3047 veluti
1741 3010 2116 3059 concamerata,
2140 3017 2239 3051 non
2274 3004 2515 3054 stabantz

1457 3089 1702 3137 numer03
1734 3078 1933 3127 scilicet
1956 3086 2176 3142 quatuor
2214 3087 2304 3130 aut
2339 3082 2518 3144 plures

1458 3153 1874 3204 adhibebantur:
1909 3162 2091 3205 ornatu
2112 3173 2128 3219 ;
2170 3157 2321 3207 nullis
2366 3164 2518 3208 eraut

1457 3232 1667 3294 punctis
1699 3232 1968 3296 inscripta,
1997 3233 2086 3282 sed
2121 3235 2237 3299 ipsa
2269 3236 2517 3298 positura,

1459 3316 1678 3358 auctore
1717 3311 1951 3372 Polluce,
1983 3326 2309 3361 numerorum
2347 3313 2515 3362 vicem

1445 3383 1786 3446 ·praestabat:
1826 3387 2010 3449 jactu;
2053 3389 2144 3452 qui
2179 3388 2280 3438 fuit
2313 3389 2364 3438 in
2402 3389 2520 3438 talis

1459 3463 1615 3519 Cous,
1638 3462 1811 3526 Chius,
1833 3464 2049 3521 Planus,
2072 3466 2296 3529 suppus,
2318 3467 2516 3523 Venus,

1459 3538 1634 3603 Canis,
1658 3539 1932 3601 Basilicus,
1954 3541 2243 3592 Vultur-ius.
2299 3542 2517 3609 Felicis·

1458 3617 1615 3665 simus
1650 3615 1753 3666 fuit
1781 3617 1953 3679 jactus
1999 3619 2156 3682 Cous,
2192 3619 2279 3685 qui
2318 3620 2515 3670 Latinis

1458 3693 1653 3743 dicitur
1686 3695 1866 3743 Venus
1898 3701 1952 3743 et
1976 3694 2199 3759 Suppus,
2221 3694 2274 3744 id
2306 3703 2407 3758 est,
2427 3695 2517 3760 qui

1457 3771 1597 3820 cadit
1629 3786 1695 3820 ex
1728 3771 1881 3820 animi
1917 3772 2193 3836 sententia,
2224 3786 2367 3836 aeque
2400 3770 2515 3821 fau-

1456 3854 1567 3897 stus
1591 3864 1652 3898 ac
1684 3849 1828 3898 senio
1858 3856 2101 3911 tesserae3
2140 3858 2369 3914 tuncque
2392 3864 2514 3899 con-

1457 3925 1716 3989 tingebat,
1732 3932 1790 3975 ut
1807 3933 1956 3989 patet
1972 3941 2033 3974 ex
2053 3917 2277 3976 Luciano
2295 3927 2345 3975 in
2360 3926 2518 3976 Arno·

1457 4003 1619 4059 ribus,
1640 4016 1756 4052 cum
1780 4002 2027 4067 quaelibet
2056 4005 2274 4053 talorum
2299 4003 2515 4070 superfi-

1458 4079 1565 4128 cies
1588 4078 1842 4128 dissimilis
1860 4080 2099 4136 cadebat.
2148 4079 2304 4130 Chius
2321 4090 2514 4146 autem,

1458 4168 1610 4218 quem
1645 4155 1862 4205 Planum
1896 4157 2071 4207 Latini
2107 4167 2291 4208 vocant
2326 4168 2381 4209 et
2415 4159 2515 4208 Ca-

1456 4245 1595 4295 nem,
1628 4232 1857 4281 refertur
1897 4234 1968 4283 ad
2012 4235 2251 4285 unionem
2297 4244 2522 4286 tessera-⁷

1455 4321 1602 4370 rum3
1636 4309 1892 4360 Basilicus
1922 4323 2038 4361 cum
2062 4313 2299 4363 Veneris.
2325 4314 2511 4364 Vultu·
