3020 4942
968 347 1065 398 nn
1112 350 1493 416 oRAToRE,
1544 352 1591 400 1.
1637 335 1746 401 33.
2317 331 2455 401 879

295 512 579 588 oratores,
630 509 1026 595 eloquentiae
1085 510 1351 576 laudem
1414 511 1549 575 sint
1605 507 1860 594 adepti,
1912 509 2054 589 sed,
2115 531 2268 595 quae
2324 531 2448 577 sua

295 617 511 694 sponte
558 611 859 679 homines
909 614 1297 697 eloquentes
1350 613 1659 690 facerent,
1704 631 1788 677 ea
1842 612 2169 695 quosdam
2218 614 2449 678 obser-

272 732 487 791 ⁴vasse,
544 721 742 800 atque
791 716 861 781 id
903 717 1264 798 egisse:-⁵
1308 716 1408 781 sic
1462 735 1619 781 esse
1670 735 1800 779 non
1846 715 2298 800 eloquentiam
2353 731 2447 781 ex

294 816 571 897 artificio,
601 819 723 885 sed
755 818 1109 884 artificium
1133 839 1222 884 ex
1254 819 1643 903 eloquentia
1673 825 1935 883 natum:
1987 818 2169 902 quod
2196 825 2445 897 tamen,

295 924 360 982 ut
384 928 524 985 ante
552 921 720 999 dixi,
754 942 890 987 non
933 922 1170 1006 ejicio:
1217 930 1324 987 est
1364 923 1538 986 enim
1590 921 1855 985 etiamsi
1883 920 2103 986 minus
2136 941 2449 989 necessa-

291 1020 440 1084 rium
469 1023 553 1087 ad
583 1025 750 1089 bene
779 1023 1150 1100 dicendum,
1195 1030 1413 1088 tamen
1454 1022 1541 1087 ad
1591 1023 2125 1105 cognoscendum
2154 1043 2291 1089 non
2318 1024 2450 1090 illi-

292 1122 543 1189 berale!
625 1126 775 1192 147.
824 1126 914 1190 Et
954 1128 1347 1192 exercitatio
1379 1125 1690 1210 quaedam
1714 1124 1743 1166 ⁶
1787 1126 2229 1210 suscipienda
2253 1127 2453 1192 vobis

291 1233 409 1292 est:
453 1247 826 1313 quanquam
849 1245 971 1294 vos
1003 1229 1273 1313 quidem
1294 1228 1700 1313 jampridem
1725 1231 1891 1294 estis
1920 1229 1990 1294 in
2020 1249 2218 1295 cursu
2241 1239 2309 1295 ε’
2333 1227 2455 1293 sed

290 1319 349 1398 ii,
397 1331 505 1413 qui
552 1331 1005 1413 ingrediuntur
1055 1333 1123 1397 in
1172 1332 1510 1409 stadium:
1557 1334 1804 1418 quique
1857 1352 1959 1411 ea,
2008 1351 2162 1416 qnae
2200 1331 2457 1414 agenda

292 1432 514 1496 suntin
543 1433 711 1510 foro,
739 1440 1057 1517 tanquam
1099 1435 1164 1498 in
1197 1435 1399 1512 acie,⁰
1441 1442 1727 1519 possunt
1757 1436 1962 1499 etiam
1992 1454 2167 1499 nnnc
2198 1433 2456 1498 exerci-

291 1532 519 1599 tatione
546 1535 745 1621 qnasi
773 1537 1030 1602 ludicra
1075 1537 1483 1621 praediscere
1524 1557 1607 1602 ac
1635 1537 1969 1602 meditari.
2055 1536 2208 1603 148.
2252 1536 2458 1601 Hanc

288 1632 504 1716 ipsam,
553 1635 773 1723 inquit
821 1640 1188 1724 Sulpicius,
1240 1660 1445 1705 nosse
1504 1641 1861 1706 volumus:
1907 1645 2242 1705 attamen⁷
2300 1639 2454 1714 ista,

288 1757 420 1819 quae
450 1742 571 1805 abs
617 1747 684 1806 te
720 1742 1009 1808 breviter
1039 1742 1124 1807 de
1165 1750 1303 1808 arte
1333 1743 1623 1808 decursa
1652 1749 1828 1818 sunt,
1861 1742 2091 1806 audire
2119 1740 2454 1824 cupimuS,

288 1857 654 1927 quanquam
718 1855 875 1911 sunt
932 1846 1133 1910 nobis
1211 1861 1483 1930 qnoque
1554 1866 1689 1911 non
1768 1845 2091 1912 inaudita.
2199 1844 2457 1909 Verum

286 1941 390 2009 illa
417 1965 614 2011 mox:
661 1963 862 2026 nunc,
891 1947 977 2013 de
1021 1949 1180 2032 ipsa
1218 1949 1700 2015 exercitatione
1740 1947 1903 2033 quid
1955 1949 2229 2027 sentias,
2275 1966 2460 2031 quae·

295 2062 504 2112 mnus.
609 2073 616 2078 ‘
1618 2105 1621 2108 .

247 2151 252 2158 ’
362 2163 654 2217 xxxln.
700 2152 851 2218 149.
900 2151 1228 2237 Equidem
1255 2154 1469 2237 probo
1501 2153 1652 2229 ista,
1681 2149 1972 2219 Crassus
2003 2151 2271 2237 inquit,¹
2306 2173 2459 2236 qnae

288 2268 397 2315 vos
423 2253 645 2319 facere
678 2255 944 2330 soletiS,
970 2262 1070 2333 ut,
1098 2275 1308 2320 causa
1347 2256 1573 2339 aliqua
1603 2256 1830 2340 posita
1858 2255 2193 2320 consimili
2224 2273 2461 2319 cansa-

284 2372 410 2417 rum
438 2376 691 2436 earum,
723 2357 978 2442 quaein
1007 2358 1225 2422 forum
1251 2358 1648 2433 deferuntur,
1673 2357 1914 2423 dicatis
1937 2371 2139 2441 quam
2163 2357 2457 2423 maxime

289 2454 365 2520 ad
410 2461 759 2527 veritatem
811 2459 1358 2528 accommodate:
1407 2458 1527 2526 sed
1573 2453 1876 2544 plerique
1929 2459 1998 2524 in
2047 2451 2177 2524 hoc
2218 2471 2457 2525 vocem

339 2630 376 2656 ¹⁹
402 2625 555 2675 Rebus
575 2626 835 2676 ommate
852 2626 1142 2687 usosfuisse.

337 2695 362 2718 ⁸
394 2690 596 2741 Homine
617 2692 882 2741 Ιίὸεναίἰιεν
902 2695 1098 2741 educato
1117 2690 1335 2752 dignum.

338 2760 363 2793 v
395 2754 496 2804 Ista
514 2758 856 2807 exercitatione
872 2757 1160 2820 jampridem
1181 2754 1391 2805 alimini.

339 2823 362 2849 z
394 2820 489 2877 Qui
508 2821 747 2886 incipiunt
768 2825 958 2872 nudem
980 2821 1274 2885 eloquentiae.

1173 2962 1449 2987 “MNO“
1452 2965 1475 2986 O
1479 2964 1543 2986 Ν

281 3061 365 3106 -5
386 3059 400 3085 ⁸
416 3059 727 3124 Corruptarn
746 3074 862 3111 esse
880 3058 1002 3110 leet.
1017 3058 1101 3108 vix
1120 3064 1223 3121 est,
1241 3059 1328 3124 qni
1347 3074 1448 3108 non
1469 3059 1665 3108 videat.
1716 3057 1982 3109 Manutius
2000 3056 2167 3107 edidit
2182 3061 2326 3121 aeque
2338 3057 2462 3108 dele-

278 3121 426 3181 εὶεεες
458 3127 591 3175 male
607 3143 623 3176 ι
662 3126 844 3175 Lamb.
869 3125 1082 3184 rectius,
1098 3130 1239 3189 atque
1258 3127 1309 3174 in
1332 3131 1484 3174 artem
1503 3125 1754 3186 redegisse.
1809 3125 1913 3173 Sed
1934 3123 2060 3173 satis
2082 3125 2253 3172 sensui
2276 3123 2398 3184 erit,
2414 3123 2461 3171 si

284 3184 497 3248 legamus
518 3198 663 3255 atque
683 3192 807 3240 idem
827 3189 1013 3252 egisse-³
1047 3192 1236 3241 Pearc.
1300 3190 1445 3239 Man.
1471 3205 1560 3252 ap.
1582 3189 1779 3240 Olivet.
1798 3195 1938 3253 atque
1957 3190 2193 3252 selegisse.
2248 3188 2462 3238 Ernesti

280 3252 405 3317 conj.
427 3257 488 3304 ad
509 3262 750 3319 artemque
772 3257 1028 3318 redegisse,
1050 3255 1301 3319 probante
1321 3256 1539 3304 wetzel.
1592 3253 1829 3304 Lambini
1854 3255 2203 3318 conjecturam
2228 3267 2462 3317 compro-

283 3314 365 3366 bat
388 3319 543 3369 Wolf.
581 3328 596 3350 ⁴
615 3322 809 3371 Parum
832 3320 1015 3370 aberat
1036 3321 1159 3386 quin
1183 3321 1266 3370 vel
1289 3320 1523 3381 Ernesti,
1539 3320 1620 3368 vel
1643 3319 1873 3369 Schutzii
1895 3320 2249 3382 conjecturam
2268 3319 2319 3370 in
2339 3332 2461 3369 con·

280 3386 469 3433 textum
492 3387 813 3450 reciperemz
849 3385 1061 3436 Schntz.
1080 3387 1218 3436 enim
1242 3385 1375 3448 conj.
1405 3393 1459 3435 et
1496 3384 1766 3447 rescripsit
1791 3385 2067 3445 digessisse.
2080 3386 2156 3434 nti
2183 3384 2296 3448 jam
2331 3383 2465 3433 Ges·

280 3450 399 3501 ¹¹08!
432 3450 679 3500 Ham—6
714 3452 791 3500 Ea
812 3467 855 3500 e.
875 3453 1089 3515 quoedum
1110 3452 1217 3501 Erl.
1241 3455 1288 3501 1.
1305 3455 1354 3500 2.
1382 3448 1560 3499 Guelf.
1580 3454 1628 3499 2.
1651 3454 1701 3499 3.
1726 3455 1781 3497 et
1803 3450 1923 3501 edd.
1947 3456 2076 3500 vett.
2098 3451 2169 3499 At
2189 3464 2232 3498 e.
2247 3451 2465 3512 quoedam

280 3511 356 3561 ed.
374 3515 628 3566 Thanner.
650 3523 706 3566 et
727 3516 880 3566 Mun.
906 3516 1027 3577 Eius
1047 3531 1090 3566 e.
1114 3517 1329 3579 quoedam
1361 3516 1418 3563 M
1424 3522 1568 3565 snut.
1593 3514 1839 3563 Proeterea
1860 3528 1901 3562 e.
1930 3516 2145 3577 quoedam
2176 3514 2362 3563 Pearc.
2395 3527 2465 3562 ex

281 3579 406 3642 conj.
438 3580 703 3642 Lambini3
746 3583 808 3631 Ee
830 3596 871 3631 e.
890 3583 1105 3644 quadam
1139 3581 1383 3630 Gulielm.
1404 3580 1579 3630 Streb.
1601 3580 1810 3629 Schutz.
1833 3576 1983 3628 Harl.
2006 3587 2059 3628 et
2085 3579 2250 3628 Orell.
2313 3578 2463 3633 Mox,

279 3645 354 3691 ned
372 3645 434 3692 iis
452 3647 486 3697 J
493 3655 604 3696 unt.
626 3646 781 3696 Grnt.
805 3647 870 3695 al.
891 3654 1011 3695 ante
1034 3647 1242 3695 Ernest.
1264 3647 1346 3696 sed
1365 3645 1405 3693 ii
1429 3645 1538 3695 Erl.
1565 3647 1611 3694 l.
1678 3642 1905 3707 Deinde,
1927 3644 2262 3705 ingredimur
2279 3644 2342 3692 ad
2361 3647 2462 3691 sta-
2532 3650 2537 3653 ’

279 3707 399 3756 dim
420 3711 594 3762 Oxou.
611 3718 667 3761 et
682 3713 856 3761 Palat.
878 3713 942 3760 ad
961 3713 1173 3760 studium
1192 3711 1370 3774 Erul.
1394 3709 1546 3761 Rom.
1567 3709 1705 3759 Kob.
1720 3710 1872 3763 Jnnt.
1900 3708 1954 3757 in
1980 3710 2191 3759 studim
2217 3708 2465 3758 Streb.—

280 3773 309 3819 ⁷
340 3773 515 3827 Guels.
538 3783 590 3827 2.
614 3781 663 3825 3.
684 3778 895 3826 Schutz.
916 3785 970 3824 et
994 3776 1145 3825 Harl.
1161 3790 1217 3824 ac
1238 3781 1411 3825 tamen.
1918 3807 1925 3814 ·

344 3839 479 3892 cst.
502 3855 721 3892 xxxm.
754 3847 781 3893 1
806 3838 1084 3893 Heindorf.
1106 3841 1240 3904 conj.
1260 3840 1420 3903 inquit
1444 3841 1667 3891 Crassus.
1733 3839 1881 3896 Mox,
1914 3853 2056 3889 causa
2071 3836 2230 3900 posita
2251 3836 2483 3917 Ernest.¹

1261 3987 1472 4040 No'rAE

337 4098 360 4124 ⁶
395 4094 636 4158 Tanquam
656 4094 712 4144 in
740 4093 870 4158 acie]
901 4095 1093 4144 Forum
1117 4105 1330 4157 compa·
1410 4106 1515 4157 qna
1534 4091 1719 4142 milites
1737 4091 1931 4143 tirones
1946 4088 2157 4140 ludicris
2172 4088 2468 4141 certamini-

279 4176 418 4220 rstur
439 4184 557 4243 cum
595 4170 708 4220 acie
739 4177 796 4220 et
826 4170 1037 4234 prelio:
1076 4170 1330 4221 exercita·
1407 4168 1505 4221 bns
1526 4167 1790 4234 finguntur
1809 4168 1875 4220 ad
1899 4182 2025 4220 vera
2042 4166 2239 4232 prelia.

281 4243 351 4295 tio
373 4260 497 4298 vero
518 4246 806 4327 domestica
840 4259 962 4299 eum
993 4249 1258 4313 palaestrs,
1275 4247 1330 4297 in
