<?xml version="1.0" encoding="UTF-8"?>
<!DOCTYPE html PUBLIC "-//W3C//DTD XHTML 1.0 Transitional//EN"
    "http://www.w3.org/TR/xhtml1/DTD/xhtml1-transitional.dtd">
<html xmlns="http://www.w3.org/1999/xhtml" xml:lang="en" lang="en">
 <head>
  <title>
</title>
<meta http-equiv="Content-Type" content="text/html;charset=utf-8" />
  <meta name='ocr-system' content='tesseract 3.04.00' />
  <meta name='ocr-capabilities' content='ocr_page ocr_carea ocr_par ocr_line ocrx_word'/>
</head>
<body>
  <div class='ocr_page' id='page_1' title='image "./clavisciceronia01ernegoog_0329.png"; bbox 0 0 3020 4942; ppageno 0'>
   <div class='ocr_carea' id='block_1_1' title="bbox 1039 364 2607 436">
    <p class='ocr_par' dir='ltr' id='par_1_1' title="bbox 1039 364 2607 436">
     <span class='ocr_line' id='line_1_1' title="bbox 1039 364 2607 436; baseline 0.003 -10"><span class='ocrx_word' id='word_1_1' title='bbox 1039 378 1136 427; x_wconf 76' lang='lat' dir='ltr'><strong>nu</strong></span> <span class='ocrx_word' id='word_1_2' title='bbox 1182 378 1560 436; x_wconf 68' lang='lat' dir='ltr'><strong>canone,</strong></span> <span class='ocrx_word' id='word_1_3' title='bbox 1610 380 1658 426; x_wconf 87' lang='lat'><strong>1.</strong></span> <span class='ocrx_word' id='word_1_4' title='bbox 1703 364 1812 428; x_wconf 89' lang='grc'><strong>41.</strong></span> <span class='ocrx_word' id='word_1_5' title='bbox 2279 390 2284 394; x_wconf 93' lang='grc'><em>·</em></span> <span class='ocrx_word' id='word_1_6' title='bbox 2387 365 2515 430; x_wconf 83' lang='grc'><strong>901</strong></span> <span class='ocrx_word' id='word_1_7' title='bbox 2604 427 2607 430; x_wconf 85' lang='grc'><strong>,</strong></span> 
     </span>
    </p>
   </div>
   <div class='ocr_carea' id='block_1_2' title="bbox 320 524 2520 2571">
    <p class='ocr_par' dir='ltr' id='par_1_2' title="bbox 326 524 2519 1227">
     <span class='ocr_line' id='line_1_2' title="bbox 330 524 2512 607; baseline 0.001 -16"><span class='ocrx_word' id='word_1_8' title='bbox 330 524 590 591; x_wconf 84' lang='lat' dir='ltr'><strong>cubinae</strong></span> <span class='ocrx_word' id='word_1_9' title='bbox 620 524 841 604; x_wconf 88' lang='lat' dir='ltr'><strong>locum</strong></span> <span class='ocrx_word' id='word_1_10' title='bbox 874 524 1236 590; x_wconf 76' lang='lat' dir='ltr'><strong>duceretur.</strong></span> <span class='ocrx_word' id='word_1_11' title='bbox 1322 524 1471 590; x_wconf 82' lang='lat'><strong>184.</strong></span> <span class='ocrx_word' id='word_1_12' title='bbox 1523 524 1694 591; x_wconf 83' lang='lat' dir='ltr'><strong>Haec</strong></span> <span class='ocrx_word' id='word_1_13' title='bbox 1722 525 1946 607; x_wconf 87' lang='lat' dir='ltr'><strong>igitur,</strong></span> <span class='ocrx_word' id='word_1_14' title='bbox 1979 526 2307 592; x_wconf 86' lang='lat' dir='ltr'><strong>ethorum</strong></span> <span class='ocrx_word' id='word_1_15' title='bbox 2333 528 2512 593; x_wconf 82' lang='lat' dir='ltr'><strong>simi-</strong></span> 
     </span>
     <span class='ocr_line' id='line_1_3' title="bbox 329 626 2516 711; baseline 0.002 -20"><span class='ocrx_word' id='word_1_16' title='bbox 329 627 421 691; x_wconf 84' lang='lat' dir='ltr'><strong>lia</strong></span> <span class='ocrx_word' id='word_1_17' title='bbox 442 626 598 710; x_wconf 85' lang='lat' dir='ltr'><strong>jura</strong></span> <span class='ocrx_word' id='word_1_18' title='bbox 621 646 764 693; x_wconf 78' lang='lat' dir='ltr'><strong>suae</strong></span> <span class='ocrx_word' id='word_1_19' title='bbox 788 628 1078 692; x_wconf 79' lang='lat' dir='ltr'><strong>civitatis</strong></span> <span class='ocrx_word' id='word_1_20' title='bbox 1096 627 1526 711; x_wconf 80' lang='lat' dir='ltr'><strong>ignorantem,</strong></span> <span class='ocrx_word' id='word_1_21' title='bbox 1551 636 1846 693; x_wconf 89' lang='lat' dir='ltr'><strong>erectum</strong></span> <span class='ocrx_word' id='word_1_22' title='bbox 1870 635 1936 692; x_wconf 92' lang='lat' dir='ltr'><strong>et</strong></span> <span class='ocrx_word' id='word_1_23' title='bbox 1955 628 2258 708; x_wconf 81' lang='lat' dir='ltr'><strong>celsum‚⁸</strong></span> <span class='ocrx_word' id='word_1_24' title='bbox 2306 629 2516 695; x_wconf 83' lang='lat' dir='ltr'><strong>alacri</strong></span> 
     </span>
     <span class='ocr_line' id='line_1_4' title="bbox 330 731 2519 817; baseline 0.002 -23"><span class='ocrx_word' id='word_1_25' title='bbox 330 739 399 795; x_wconf 90' lang='lat' dir='ltr'><strong>et</strong></span> <span class='ocrx_word' id='word_1_26' title='bbox 427 737 691 815; x_wconf 89' lang='lat' dir='ltr'><strong>promto</strong></span> <span class='ocrx_word' id='word_1_27' title='bbox 737 751 848 795; x_wconf 91' lang='lat' dir='ltr'><strong>ore</strong></span> <span class='ocrx_word' id='word_1_28' title='bbox 880 751 960 796; x_wconf 89' lang='lat' dir='ltr'><strong>ac</strong></span> <span class='ocrx_word' id='word_1_29' title='bbox 1003 733 1212 806; x_wconf 84' lang='lat' dir='ltr'><strong>vultu,</strong></span> <span class='ocrx_word' id='word_1_30' title='bbox 1247 731 1376 797; x_wconf 91' lang='lat' dir='ltr'><strong>huc</strong></span> <span class='ocrx_word' id='word_1_31' title='bbox 1420 739 1620 815; x_wconf 85' lang='lat' dir='ltr'><strong>atque</strong></span> <span class='ocrx_word' id='word_1_32' title='bbox 1665 733 1821 798; x_wconf 91' lang='lat' dir='ltr'><strong>illuc</strong></span> <span class='ocrx_word' id='word_1_33' title='bbox 1870 733 2253 810; x_wconf 80' lang='lat' dir='ltr'><strong>intuentem,</strong></span> <span class='ocrx_word' id='word_1_34' title='bbox 2286 737 2519 817; x_wconf 85' lang='lat' dir='ltr'><strong>vagari</strong></span> 
     </span>
     <span class='ocr_line' id='line_1_5' title="bbox 326 835 2516 924; baseline 0.001 -25"><span class='ocrx_word' id='word_1_35' title='bbox 326 853 567 916; x_wconf 86' lang='lat' dir='ltr'><strong>magna</strong></span> <span class='ocrx_word' id='word_1_36' title='bbox 595 854 751 900; x_wconf 89' lang='lat' dir='ltr'><strong>cum</strong></span> <span class='ocrx_word' id='word_1_37' title='bbox 784 841 1047 900; x_wconf 86' lang='lat' dir='ltr'><strong>caterva</strong></span> <span class='ocrx_word' id='word_1_38' title='bbox 1087 842 1237 924; x_wconf 77' lang='lat' dir='ltr'><strong>toto</strong></span> <span class='ocrx_word' id='word_1_39' title='bbox 1278 836 1449 908; x_wconf 87' lang='lat' dir='ltr'><strong>foro,</strong></span> <span class='ocrx_word' id='word_1_40' title='bbox 1489 836 1874 917; x_wconf 78' lang='lat' dir='ltr'><strong>praesidium</strong></span> <span class='ocrx_word' id='word_1_41' title='bbox 1908 835 2285 914; x_wconf 79' lang='lat' dir='ltr'><strong>clientibuS,</strong></span> <span class='ocrx_word' id='word_1_42' title='bbox 2314 843 2516 918; x_wconf 82' lang='lat' dir='ltr'><strong>atque</strong></span> 
     </span>
     <span class='ocr_line' id='line_1_6' title="bbox 328 936 2518 1021; baseline 0.002 -22"><span class='ocrx_word' id='word_1_43' title='bbox 328 956 528 1018; x_wconf 84' lang='lat' dir='ltr'><strong>opem</strong></span> <span class='ocrx_word' id='word_1_44' title='bbox 560 936 820 1013; x_wconf 79' lang='lat' dir='ltr'><strong>amiciS,</strong></span> <span class='ocrx_word' id='word_1_45' title='bbox 846 945 914 1001; x_wconf 89' lang='lat' dir='ltr'><strong>et</strong></span> <span class='ocrx_word' id='word_1_46' title='bbox 943 957 1157 1021; x_wconf 83' lang='lat' dir='ltr'><strong>prope</strong></span> <span class='ocrx_word' id='word_1_47' title='bbox 1186 938 1442 1002; x_wconf 84' lang='lat' dir='ltr'><strong>cunctis</strong></span> <span class='ocrx_word' id='word_1_48' title='bbox 1462 937 1727 1001; x_wconf 83' lang='lat' dir='ltr'><strong>civibus</strong></span> <span class='ocrx_word' id='word_1_49' title='bbox 1755 938 1968 1001; x_wconf 89' lang='lat' dir='ltr'><strong>lucem</strong></span> <span class='ocrx_word' id='word_1_50' title='bbox 2000 938 2248 1019; x_wconf 86' lang='lat' dir='ltr'><strong>ingenii</strong></span> <span class='ocrx_word' id='word_1_51' title='bbox 2272 951 2336 1003; x_wconf 86' lang='lat' dir='ltr'><strong>et</strong></span> <span class='ocrx_word' id='word_1_52' title='bbox 2363 959 2518 1003; x_wconf 69' lang='lat' dir='ltr'><strong>con-</strong></span> 
     </span>
     <span class='ocr_line' id='line_1_7' title="bbox 326 1040 2517 1127; baseline 0.002 -24"><span class='ocrx_word' id='word_1_53' title='bbox 326 1040 460 1104; x_wconf 89' lang='lat' dir='ltr'><strong>silii</strong></span> <span class='ocrx_word' id='word_1_54' title='bbox 518 1042 621 1104; x_wconf 89' lang='lat' dir='ltr'><strong>sui</strong></span> <span class='ocrx_word' id='word_1_55' title='bbox 681 1042 1121 1124; x_wconf 83' lang='lat' dir='ltr'><strong>porrigentem</strong></span> <span class='ocrx_word' id='word_1_56' title='bbox 1182 1048 1385 1124; x_wconf 78' lang='lat' dir='ltr'><strong>atque</strong></span> <span class='ocrx_word' id='word_1_57' title='bbox 1446 1040 1842 1119; x_wconf 86' lang='lat' dir='ltr'><strong>tendentem,</strong></span> <span class='ocrx_word' id='word_1_58' title='bbox 1901 1060 2115 1105; x_wconf 87' lang='lat' dir='ltr'><strong>noune</strong></span> <span class='ocrx_word' id='word_1_59' title='bbox 2159 1044 2229 1105; x_wconf 90' lang='lat' dir='ltr'><strong>in</strong></span> <span class='ocrx_word' id='word_1_60' title='bbox 2281 1044 2517 1127; x_wconf 86' lang='lat' dir='ltr'><strong>primis</strong></span> 
     </span>
     <span class='ocr_line' id='line_1_8' title="bbox 326 1143 1332 1227; baseline 0.001 -21"><span class='ocrx_word' id='word_1_61' title='bbox 326 1143 737 1225; x_wconf 86' lang='lat' dir='ltr'><strong>flagitiosum</strong></span> <span class='ocrx_word' id='word_1_62' title='bbox 767 1144 1137 1227; x_wconf 85' lang='lat' dir='ltr'><strong>putandum</strong></span> <span class='ocrx_word' id='word_1_63' title='bbox 1173 1144 1332 1207; x_wconf 76' lang='lat' dir='ltr'><strong>est&#39;l</strong></span> 
     </span>
    </p>

    <p class='ocr_par' dir='ltr' id='par_1_3' title="bbox 320 1245 2520 2571">
     <span class='ocr_line' id='line_1_9' title="bbox 412 1245 2519 1332; baseline 0.002 -24"><span class='ocrx_word' id='word_1_64' title='bbox 412 1262 590 1312; x_wconf 78' lang='lat' dir='ltr'><strong>xm.</strong></span> <span class='ocrx_word' id='word_1_65' title='bbox 626 1246 778 1314; x_wconf 82' lang='lat'><strong>185.</strong></span> <span class='ocrx_word' id='word_1_66' title='bbox 823 1247 911 1311; x_wconf 88' lang='lat' dir='ltr'><strong>Et</strong></span> <span class='ocrx_word' id='word_1_67' title='bbox 957 1248 1273 1332; x_wconf 90' lang='lat' dir='ltr'><strong>quoniam</strong></span> <span class='ocrx_word' id='word_1_68' title='bbox 1322 1246 1405 1309; x_wconf 89' lang='lat' dir='ltr'><strong>de</strong></span> <span class='ocrx_word' id='word_1_69' title='bbox 1452 1245 1862 1329; x_wconf 85' lang='lat' dir='ltr'><strong>impudentia</strong></span> <span class='ocrx_word' id='word_1_70' title='bbox 1906 1246 2070 1322; x_wconf 85' lang='lat' dir='ltr'><strong>dixi,</strong></span> <span class='ocrx_word' id='word_1_71' title='bbox 2116 1247 2519 1330; x_wconf 80' lang='lat' dir='ltr'><strong>castigemus</strong></span> 
     </span>
     <span class='ocr_line' id='line_1_10' title="bbox 323 1349 2520 1442; baseline 0.001 -29"><span class='ocrx_word' id='word_1_72' title='bbox 323 1350 521 1415; x_wconf 84' lang='lat' dir='ltr'><strong>etiam</strong></span> <span class='ocrx_word' id='word_1_73' title='bbox 569 1350 918 1432; x_wconf 85' lang='lat' dir='ltr'><strong>segnitiem</strong></span> <span class='ocrx_word' id='word_1_74' title='bbox 942 1359 962 1389; x_wconf 89' lang='lat'><em>¹</em></span> <span class='ocrx_word' id='word_1_75' title='bbox 1003 1351 1338 1422; x_wconf 87' lang='lat' dir='ltr'><strong>hominum</strong></span> <span class='ocrx_word' id='word_1_76' title='bbox 1384 1356 1579 1442; x_wconf 79' lang='lat' dir='ltr'><strong>atque</strong></span> <span class='ocrx_word' id='word_1_77' title='bbox 1614 1349 1937 1414; x_wconf 85' lang='lat' dir='ltr'><strong>inertiam.</strong></span> <span class='ocrx_word' id='word_1_78' title='bbox 2029 1349 2209 1415; x_wconf 87' lang='lat' dir='ltr'><strong>Nam</strong></span> <span class='ocrx_word' id='word_1_79' title='bbox 2250 1352 2310 1414; x_wconf 84' lang='lat' dir='ltr'><strong>si</strong></span> <span class='ocrx_word' id='word_1_80' title='bbox 2342 1359 2520 1416; x_wconf 86' lang='lat' dir='ltr'><strong>esset</strong></span> 
     </span>
     <span class='ocr_line' id='line_1_11' title="bbox 321 1452 2518 1537; baseline 0 -22"><span class='ocrx_word' id='word_1_81' title='bbox 321 1452 451 1516; x_wconf 89' lang='lat' dir='ltr'><strong>ista</strong></span> <span class='ocrx_word' id='word_1_82' title='bbox 479 1454 769 1535; x_wconf 87' lang='lat' dir='ltr'><strong>cognitio</strong></span> <span class='ocrx_word' id='word_1_83' title='bbox 789 1453 960 1537; x_wconf 83' lang='lat' dir='ltr'><strong>juris</strong></span> <span class='ocrx_word' id='word_1_84' title='bbox 989 1473 1235 1536; x_wconf 87' lang='lat' dir='ltr'><strong>magna</strong></span> <span class='ocrx_word' id='word_1_85' title='bbox 1264 1473 1348 1518; x_wconf 87' lang='lat' dir='ltr'><strong>ac</strong></span> <span class='ocrx_word' id='word_1_86' title='bbox 1377 1452 1705 1534; x_wconf 88' lang='lat' dir='ltr'><strong>difficilis;</strong></span> <span class='ocrx_word' id='word_1_87' title='bbox 1748 1460 1967 1517; x_wconf 85' lang='lat' dir='ltr'><strong>tamen</strong></span> <span class='ocrx_word' id='word_1_88' title='bbox 1998 1453 2303 1520; x_wconf 80' lang='lat' dir='ltr'><strong>utilitatis</strong></span> <span class='ocrx_word' id='word_1_89' title='bbox 2332 1473 2518 1536; x_wconf 86' lang='lat' dir='ltr'><strong>mag-</strong></span> 
     </span>
     <span class='ocr_line' id='line_1_12' title="bbox 322 1555 2518 1640; baseline 0 -21"><span class='ocrx_word' id='word_1_90' title='bbox 322 1557 558 1620; x_wconf 88' lang='lat' dir='ltr'><strong>nitudo</strong></span> <span class='ocrx_word' id='word_1_91' title='bbox 589 1556 862 1621; x_wconf 88' lang='lat' dir='ltr'><strong>deberet</strong></span> <span class='ocrx_word' id='word_1_92' title='bbox 890 1558 1198 1621; x_wconf 88' lang='lat' dir='ltr'><strong>homines</strong></span> <span class='ocrx_word' id='word_1_93' title='bbox 1228 1557 1313 1621; x_wconf 87' lang='lat' dir='ltr'><strong>ad</strong></span> <span class='ocrx_word' id='word_1_94' title='bbox 1347 1555 1843 1640; x_wconf 75' lang='lat' dir='ltr'><strong>suscipiendum</strong></span> <span class='ocrx_word' id='word_1_95' title='bbox 1885 1556 2185 1621; x_wconf 89' lang='lat' dir='ltr'><strong>discendi</strong></span> <span class='ocrx_word' id='word_1_96' title='bbox 2224 1557 2518 1621; x_wconf 86' lang='lat' dir='ltr'><strong>laborem</strong></span> 
     </span>
     <span class='ocr_line' id='line_1_13' title="bbox 320 1657 2517 1742; baseline 0.001 -21"><span class='ocrx_word' id='word_1_97' title='bbox 320 1657 689 1742; x_wconf 84' lang='lat' dir='ltr'><strong>impellere.</strong></span> <span class='ocrx_word' id='word_1_98' title='bbox 778 1660 941 1739; x_wconf 90' lang='lat' dir='ltr'><strong>Sed,</strong></span> <span class='ocrx_word' id='word_1_99' title='bbox 975 1681 1016 1725; x_wconf 96' lang='lat' dir='ltr'><strong>o</strong></span> <span class='ocrx_word' id='word_1_100' title='bbox 1051 1661 1168 1725; x_wconf 91' lang='lat' dir='ltr'><strong>Dii</strong></span> <span class='ocrx_word' id='word_1_101' title='bbox 1198 1659 1618 1723; x_wconf 87' lang='lat' dir='ltr'><strong>immortales</strong></span> <span class='ocrx_word' id='word_1_102' title='bbox 1652 1660 1668 1723; x_wconf 70' lang='grc' dir='ltr'>ἔ</span> <span class='ocrx_word' id='word_1_103' title='bbox 1730 1679 1865 1722; x_wconf 89' lang='lat' dir='ltr'><strong>non</strong></span> <span class='ocrx_word' id='word_1_104' title='bbox 1893 1658 2188 1723; x_wconf 88' lang='lat' dir='ltr'><strong>dicerem</strong></span> <span class='ocrx_word' id='word_1_105' title='bbox 2217 1659 2369 1734; x_wconf 89' lang='lat' dir='ltr'><strong>hoc,</strong></span> <span class='ocrx_word' id='word_1_106' title='bbox 2404 1680 2517 1724; x_wconf 88' lang='lat' dir='ltr'><strong>au-</strong></span> 
     </span>
     <span class='ocr_line' id='line_1_14' title="bbox 323 1744 2516 1848; baseline 0.003 -24"><span class='ocrx_word' id='word_1_107' title='bbox 323 1761 551 1826; x_wconf 86' lang='lat' dir='ltr'><strong>diente</strong></span> <span class='ocrx_word' id='word_1_108' title='bbox 593 1744 933 1841; x_wconf 68' lang='lat' dir='ltr'><strong>Scae&#39;vola,</strong></span> <span class='ocrx_word' id='word_1_109' title='bbox 962 1765 1097 1830; x_wconf 88' lang='lat' dir='ltr'><strong>nisi</strong></span> <span class='ocrx_word' id='word_1_110' title='bbox 1138 1766 1287 1848; x_wconf 86' lang='lat' dir='ltr'><strong>ipse</strong></span> <span class='ocrx_word' id='word_1_111' title='bbox 1326 1763 1548 1827; x_wconf 87' lang='lat' dir='ltr'><strong>dicere</strong></span> <span class='ocrx_word' id='word_1_112' title='bbox 1577 1762 1847 1837; x_wconf 86' lang='lat' dir='ltr'><strong>soleret,</strong></span> <span class='ocrx_word' id='word_1_113' title='bbox 1877 1762 2134 1827; x_wconf 86' lang='lat' dir='ltr'><strong>nullius</strong></span> <span class='ocrx_word' id='word_1_114' title='bbox 2163 1764 2329 1827; x_wconf 82' lang='lat' dir='ltr'><strong>artis</strong></span> <span class='ocrx_word' id='word_1_115' title='bbox 2353 1764 2516 1832; x_wconf 87' lang='lat' dir='ltr'><strong>faci-</strong></span> 
     </span>
     <span class='ocr_line' id='line_1_15' title="bbox 320 1855 2518 1949; baseline 0.001 -22"><span class='ocrx_word' id='word_1_116' title='bbox 320 1864 550 1929; x_wconf 86' lang='lat' dir='ltr'><strong>liorem</strong></span> <span class='ocrx_word' id='word_1_117' title='bbox 597 1866 725 1929; x_wconf 86' lang='lat' dir='ltr'><strong>sibi</strong></span> <span class='ocrx_word' id='word_1_118' title='bbox 763 1855 1207 1948; x_wconf 84' lang='lat' dir='ltr'><strong>coguitionem</strong></span> <span class='ocrx_word' id='word_1_119' title='bbox 1239 1866 1503 1942; x_wconf 85' lang='lat' dir='ltr'><strong>videri.²</strong></span> <span class='ocrx_word' id='word_1_120' title='bbox 1588 1866 1739 1930; x_wconf 85' lang='grc'><strong>186.</strong></span> <span class='ocrx_word' id='word_1_121' title='bbox 1787 1864 1987 1944; x_wconf 88' lang='lat' dir='ltr'><strong>Quod</strong></span> <span class='ocrx_word' id='word_1_122' title='bbox 2023 1866 2288 1949; x_wconf 90' lang='lat' dir='ltr'><strong>quidem</strong></span> <span class='ocrx_word' id='word_1_123' title='bbox 2321 1868 2518 1931; x_wconf 89' lang='lat' dir='ltr'><strong>certis</strong></span> 
     </span>
     <span class='ocr_line' id='line_1_16' title="bbox 321 1968 2520 2053; baseline 0 -22"><span class='ocrx_word' id='word_1_124' title='bbox 321 1968 406 2031; x_wconf 90' lang='lat' dir='ltr'><strong>de</strong></span> <span class='ocrx_word' id='word_1_125' title='bbox 456 1971 683 2032; x_wconf 83' lang='lat' dir='ltr'><strong>causis</strong></span> <span class='ocrx_word' id='word_1_126' title='bbox 725 1989 767 2033; x_wconf 87' lang='lat' dir='ltr'><strong>a</strong></span> <span class='ocrx_word' id='word_1_127' title='bbox 808 1969 1140 2053; x_wconf 82' lang='lat' dir='ltr'><strong>plerisque</strong></span> <span class='ocrx_word' id='word_1_128' title='bbox 1186 1970 1374 2033; x_wconf 87' lang='lat' dir='ltr'><strong>aliter</strong></span> <span class='ocrx_word' id='word_1_129' title='bbox 1416 1970 1966 2034; x_wconf 65' lang='lat' dir='ltr'><strong>existimatum-³</strong></span> <span class='ocrx_word' id='word_1_130' title='bbox 2015 1970 2317 2053; x_wconf 87' lang='lat' dir='ltr'><strong>primum,</strong></span> <span class='ocrx_word' id='word_1_131' title='bbox 2359 1970 2520 2052; x_wconf 81' lang='lat' dir='ltr'><strong>quia</strong></span> 
     </span>
     <span class='ocr_line' id='line_1_17' title="bbox 320 2070 2519 2156; baseline 0.001 -24"><span class='ocrx_word' id='word_1_132' title='bbox 320 2079 587 2134; x_wconf 87' lang='lat' dir='ltr'><strong>veteres</strong></span> <span class='ocrx_word' id='word_1_133' title='bbox 626 2071 746 2150; x_wconf 89' lang='lat' dir='ltr'><strong>illi,</strong></span> <span class='ocrx_word' id='word_1_134' title='bbox 776 2072 894 2156; x_wconf 93' lang='lat' dir='ltr'><strong>qui</strong></span> <span class='ocrx_word' id='word_1_135' title='bbox 933 2072 1088 2136; x_wconf 90' lang='lat' dir='ltr'><strong>huic</strong></span> <span class='ocrx_word' id='word_1_136' title='bbox 1120 2072 1418 2138; x_wconf 76' lang='lat' dir='ltr'><strong>scientiae</strong></span> <span class='ocrx_word' id='word_1_137' title='bbox 1452 2070 1876 2155; x_wconf 76' lang='lat' dir='ltr'><strong>praefuerunt,</strong></span> <span class='ocrx_word' id='word_1_138' title='bbox 1906 2071 2285 2136; x_wconf 79' lang='lat' dir='ltr'><strong>obtinendae</strong></span> <span class='ocrx_word' id='word_1_139' title='bbox 2319 2081 2519 2156; x_wconf 81' lang='lat' dir='ltr'><strong>atque</strong></span> 
     </span>
     <span class='ocr_line' id='line_1_18' title="bbox 321 2174 2519 2259; baseline 0.001 -23"><span class='ocrx_word' id='word_1_140' title='bbox 321 2174 642 2255; x_wconf 76' lang='lat' dir='ltr'><strong>augendae</strong></span> <span class='ocrx_word' id='word_1_141' title='bbox 672 2176 993 2258; x_wconf 79' lang='lat' dir='ltr'><strong>potentiae</strong></span> <span class='ocrx_word' id='word_1_142' title='bbox 1023 2197 1165 2244; x_wconf 84' lang='lat' dir='ltr'><strong>suae</strong></span> <span class='ocrx_word' id='word_1_143' title='bbox 1198 2176 1841 2259; x_wconf 84' lang='lat' dir='ltr'><strong>causa,·pervulgari</strong></span> <span class='ocrx_word' id='word_1_144' title='bbox 1872 2182 2084 2240; x_wconf 85' lang='lat' dir='ltr'><strong>artem</strong></span> <span class='ocrx_word' id='word_1_145' title='bbox 2118 2195 2309 2240; x_wconf 88' lang='lat' dir='ltr'><strong>suam</strong></span> <span class='ocrx_word' id='word_1_146' title='bbox 2333 2175 2519 2239; x_wconf 87' lang='lat' dir='ltr'><strong>nolu-</strong></span> 
     </span>
     <span class='ocr_line' id='line_1_19' title="bbox 322 2263 2515 2365; baseline 0.001 -27"><span class='ocrx_word' id='word_1_147' title='bbox 322 2284 552 2340; x_wconf 87' lang='lat' dir='ltr'><strong>erunt:</strong></span> <span class='ocrx_word' id='word_1_148' title='bbox 600 2277 859 2352; x_wconf 88' lang='lat' dir='ltr'><strong>deinde,</strong></span> <span class='ocrx_word' id='word_1_149' title='bbox 905 2285 1341 2365; x_wconf 86' lang='lat' dir='ltr'><strong>posteaquam</strong></span> <span class='ocrx_word' id='word_1_150' title='bbox 1388 2286 1491 2342; x_wconf 88' lang='lat' dir='ltr'><strong>est</strong></span> <span class='ocrx_word' id='word_1_151' title='bbox 1543 2277 1886 2354; x_wconf 77' lang='lat' dir='ltr'><strong>editum,¹¹⁴</strong></span> <span class='ocrx_word' id='word_1_152' title='bbox 1921 2263 2259 2363; x_wconf 85' lang='lat' dir='ltr'><strong>expositis</strong></span> <span class='ocrx_word' id='word_1_153' title='bbox 2305 2298 2348 2342; x_wconf 86' lang='lat' dir='ltr'><strong>a</strong></span> <span class='ocrx_word' id='word_1_154' title='bbox 2393 2276 2515 2341; x_wconf 88' lang='lat' dir='ltr'><strong>Cn.</strong></span> 
     </span>
     <span class='ocr_line' id='line_1_20' title="bbox 324 2373 2517 2466; baseline 0 -23"><span class='ocrx_word' id='word_1_155' title='bbox 324 2378 611 2445; x_wconf 69' lang='lat' dir='ltr'><strong>Flaviob</strong></span> <span class='ocrx_word' id='word_1_156' title='bbox 661 2383 944 2466; x_wconf 80' lang='lat' dir='ltr'><strong>primum</strong></span> <span class='ocrx_word' id='word_1_157' title='bbox 993 2383 1393 2459; x_wconf 66' lang='lat' dir='ltr'><strong>actionibus»,</strong></span> <span class='ocrx_word' id='word_1_158' title='bbox 1448 2383 1610 2446; x_wconf 87' lang='lat' dir='ltr'><strong>nulli</strong></span> <span class='ocrx_word' id='word_1_159' title='bbox 1661 2373 1942 2456; x_wconf 86' lang='lat' dir='ltr'><strong>fuerunt,</strong></span> <span class='ocrx_word' id='word_1_160' title='bbox 1991 2382 2107 2465; x_wconf 93' lang='lat' dir='ltr'><strong>qui</strong></span> <span class='ocrx_word' id='word_1_161' title='bbox 2148 2381 2268 2444; x_wconf 82' lang='lat' dir='ltr'><strong>illa</strong></span> <span class='ocrx_word' id='word_1_162' title='bbox 2312 2380 2517 2445; x_wconf 83' lang='lat' dir='ltr'><strong>artifi-</strong></span> 
     </span>
     <span class='ocr_line' id='line_1_21' title="bbox 321 2473 2519 2571; baseline 0 -25"><span class='ocrx_word' id='word_1_163' title='bbox 321 2485 510 2548; x_wconf 89' lang='lat' dir='ltr'><strong>ciose</strong></span> <span class='ocrx_word' id='word_1_164' title='bbox 544 2473 825 2571; x_wconf 79' lang='lat' dir='ltr'><strong>digesta</strong></span> <span class='ocrx_word' id='word_1_165' title='bbox 877 2474 1814 2570; x_wconf 62' lang='lat' dir='ltr'><strong>generatimcomponerent!</strong></span> <span class='ocrx_word' id='word_1_166' title='bbox 1882 2485 2094 2550; x_wconf 82' lang='lat' dir='ltr'><strong>Nihil</strong></span> <span class='ocrx_word' id='word_1_167' title='bbox 2142 2493 2245 2549; x_wconf 88' lang='lat' dir='ltr'><strong>est</strong></span> <span class='ocrx_word' id='word_1_168' title='bbox 2296 2486 2519 2561; x_wconf 78' lang='lat' dir='ltr'><strong>enim,c</strong></span> 
     </span>
    </p>
   </div>
   <div class='ocr_carea' id='block_1_3' title="bbox 382 2669 2092 2865">
    <p class='ocr_par' dir='ltr' id='par_1_4' title="bbox 382 2669 2092 2865">
     <span class='ocr_line' id='line_1_22' title="bbox 384 2669 1667 2737; baseline 0.002 -20"><span class='ocrx_word' id='word_1_169' title='bbox 384 2677 421 2702; x_wconf 82' lang='lat'><strong>¹·</strong></span> <span class='ocrx_word' id='word_1_170' title='bbox 451 2669 690 2719; x_wconf 26' lang='lat' dir='ltr'><strong>*Creditur</strong></span> <span class='ocrx_word' id='word_1_171' title='bbox 706 2685 806 2719; x_wconf 73' lang='lat' dir='ltr'><strong>esse</strong></span> <span class='ocrx_word' id='word_1_172' title='bbox 826 2671 1107 2737; x_wconf 74' lang='lat' dir='ltr'><strong>difficillima</strong></span> <span class='ocrx_word' id='word_1_173' title='bbox 1116 2670 1253 2731; x_wconf 68' lang='lat' dir='ltr'><strong>juris</strong></span> <span class='ocrx_word' id='word_1_174' title='bbox 1275 2672 1500 2734; x_wconf 75' lang='lat' dir='ltr'><strong>cognitio.</strong></span> <span class='ocrx_word' id='word_1_175' title='bbox 1660 2702 1667 2710; x_wconf 63' lang='lat'>=</span> 
     </span>
     <span class='ocr_line' id='line_1_23' title="bbox 382 2734 2001 2800; baseline -0.001 -17"><span class='ocrx_word' id='word_1_176' title='bbox 382 2741 411 2764; x_wconf 72' lang='lat'>²</span> <span class='ocrx_word' id='word_1_177' title='bbox 442 2734 703 2797; x_wconf 67' lang='lat' dir='ltr'><strong>Postquam</strong></span> <span class='ocrx_word' id='word_1_178' title='bbox 722 2735 1014 2797; x_wconf 74' lang='lat' dir='ltr'><strong>patefactum</strong></span> <span class='ocrx_word' id='word_1_179' title='bbox 1042 2742 1113 2785; x_wconf 75' lang='lat' dir='ltr'><strong>est</strong></span> <span class='ocrx_word' id='word_1_180' title='bbox 1134 2738 1185 2784; x_wconf 79' lang='lat' dir='ltr'><strong>id</strong></span> <span class='ocrx_word' id='word_1_181' title='bbox 1206 2740 1328 2800; x_wconf 79' lang='lat' dir='ltr'><strong>quod</strong></span> <span class='ocrx_word' id='word_1_182' title='bbox 1349 2743 1527 2785; x_wconf 71' lang='lat' dir='ltr'><strong>veteres</strong></span> <span class='ocrx_word' id='word_1_183' title='bbox 1547 2740 1719 2785; x_wconf 80' lang='lat' dir='ltr'><strong>tectum</strong></span> <span class='ocrx_word' id='word_1_184' title='bbox 1743 2736 2001 2783; x_wconf 76' lang='lat' dir='ltr'><strong>voluerunt.</strong></span> 
     </span>
     <span class='ocr_line' id='line_1_24' title="bbox 383 2799 2092 2865; baseline -0.001 -16"><span class='ocrx_word' id='word_1_185' title='bbox 383 2807 411 2840; x_wconf 60' lang='grc' dir='ltr'><strong><em>ν</em></strong></span> <span class='ocrx_word' id='word_1_186' title='bbox 452 2799 599 2849; x_wconf 77' lang='lat' dir='ltr'><strong>Varia</strong></span> <span class='ocrx_word' id='word_1_187' title='bbox 618 2806 850 2865; x_wconf 80' lang='lat' dir='ltr'><strong>proecepta</strong></span> <span class='ocrx_word' id='word_1_188' title='bbox 858 2801 992 2863; x_wconf 70' lang='lat' dir='ltr'><strong>juris</strong></span> <span class='ocrx_word' id='word_1_189' title='bbox 1012 2802 1172 2851; x_wconf 68' lang='lat' dir='ltr'><strong>civilis</strong></span> <span class='ocrx_word' id='word_1_190' title='bbox 1192 2807 1466 2853; x_wconf 72' lang='lat' dir='ltr'><strong>revocarent</strong></span> <span class='ocrx_word' id='word_1_191' title='bbox 1488 2803 1552 2851; x_wconf 78' lang='lat' dir='ltr'><strong>ad</strong></span> <span class='ocrx_word' id='word_1_192' title='bbox 1571 2807 1702 2851; x_wconf 77' lang='lat' dir='ltr'><strong>certa</strong></span> <span class='ocrx_word' id='word_1_193' title='bbox 1719 2814 1896 2862; x_wconf 78' lang='lat' dir='ltr'><strong>genera</strong></span> <span class='ocrx_word' id='word_1_194' title='bbox 1917 2813 2092 2848; x_wconf 77' lang='lat' dir='ltr'><strong>rerum.</strong></span> 
     </span>
    </p>
   </div>
   <div class='ocr_carea' id='block_1_4' title="bbox 1251 2931 1607 2954">
    <p class='ocr_par' dir='ltr' id='par_1_5' title="bbox 1251 2931 1607 2954">
     <span class='ocr_line' id='line_1_25' title="bbox 1251 2931 1607 2954; baseline 0 -2"><span class='ocrx_word' id='word_1_195' title='bbox 1251 2932 1395 2953; x_wconf 60' lang='lat'><strong>00‘06</strong></span> <span class='ocrx_word' id='word_1_196' title='bbox 1399 2931 1607 2954; x_wconf 49' lang='lat' dir='ltr'><strong>“Vn“</strong></span> 
     </span>
    </p>
   </div>
   <div class='ocr_carea' id='block_1_5' title="bbox 309 3026 2519 3095">
    <p class='ocr_par' dir='ltr' id='par_1_6' title="bbox 309 3026 2519 3095">
     <span class='ocr_line' id='line_1_26' title="bbox 309 3026 2519 3095; baseline -0.002 -17"><span class='ocrx_word' id='word_1_197' title='bbox 309 3031 568 3095; x_wconf 57' lang='grc' dir='ltr'><strong>,πανὺ-8</strong></span> <span class='ocrx_word' id='word_1_198' title='bbox 606 3029 785 3080; x_wconf 86' lang='lat' dir='ltr'><strong>Lamb.</strong></span> <span class='ocrx_word' id='word_1_199' title='bbox 811 3046 895 3093; x_wconf 84' lang='lat' dir='ltr'><strong>ap.</strong></span> <span class='ocrx_word' id='word_1_200' title='bbox 918 3030 1083 3081; x_wconf 85' lang='lat' dir='ltr'><strong>Orell.</strong></span> <span class='ocrx_word' id='word_1_201' title='bbox 1104 3031 1356 3080; x_wconf 70' lang='lat' dir='ltr'><strong>excelsum.</strong></span> <span class='ocrx_word' id='word_1_202' title='bbox 1422 3030 1572 3091; x_wconf 84' lang='lat' dir='ltr'><strong>Mox,</strong></span> <span class='ocrx_word' id='word_1_203' title='bbox 1588 3044 1666 3080; x_wconf 84' lang='lat' dir='ltr'><strong>ore</strong></span> <span class='ocrx_word' id='word_1_204' title='bbox 1688 3035 1828 3094; x_wconf 78' lang='lat' dir='ltr'><strong>atque</strong></span> <span class='ocrx_word' id='word_1_205' title='bbox 1857 3031 1992 3079; x_wconf 76' lang='lat' dir='ltr'><strong>vultu</strong></span> <span class='ocrx_word' id='word_1_206' title='bbox 2019 3034 2161 3092; x_wconf 76' lang='lat' dir='ltr'><strong>atque</strong></span> <span class='ocrx_word' id='word_1_207' title='bbox 2188 3027 2306 3076; x_wconf 70' lang='lat' dir='ltr'><strong>illud</strong></span> <span class='ocrx_word' id='word_1_208' title='bbox 2342 3026 2519 3081; x_wconf 59' lang='lat' dir='ltr'><strong>Erkl.</strong></span> 
     </span>
    </p>
   </div>
   <div class='ocr_carea' id='block_1_6' title="bbox 318 3095 2522 3224">
    <p class='ocr_par' dir='ltr' id='par_1_7' title="bbox 318 3095 2522 3224">
     <span class='ocr_line' id='line_1_27' title="bbox 318 3095 1553 3159; baseline -0.004 -13"><span class='ocrx_word' id='word_1_209' title='bbox 318 3097 471 3146; x_wconf 74' lang='lat' dir='ltr'><strong>Ideni</strong></span> <span class='ocrx_word' id='word_1_210' title='bbox 498 3095 663 3145; x_wconf 80' lang='lat' dir='ltr'><strong>codex</strong></span> <span class='ocrx_word' id='word_1_211' title='bbox 692 3097 841 3159; x_wconf 85' lang='lat' dir='ltr'><strong>paulo</strong></span> <span class='ocrx_word' id='word_1_212' title='bbox 867 3104 1002 3159; x_wconf 86' lang='lat' dir='ltr'><strong>post,</strong></span> <span class='ocrx_word' id='word_1_213' title='bbox 1024 3112 1129 3145; x_wconf 82' lang='lat' dir='ltr'><strong>cum</strong></span> <span class='ocrx_word' id='word_1_214' title='bbox 1150 3111 1327 3158; x_wconf 79' lang='lat' dir='ltr'><strong>magna</strong></span> <span class='ocrx_word' id='word_1_215' title='bbox 1345 3099 1553 3144; x_wconf 79' lang='lat' dir='ltr'><strong>caterva.</strong></span> 
     </span>
     <span class='ocr_line' id='line_1_28' title="bbox 386 3157 2522 3224; baseline -0.002 -13"><span class='ocrx_word' id='word_1_216' title='bbox 386 3163 525 3212; x_wconf 73' lang='lat' dir='ltr'><strong>CAP.</strong></span> <span class='ocrx_word' id='word_1_217' title='bbox 558 3174 674 3210; x_wconf 79' lang='lat' dir='ltr'><strong>xm.</strong></span> <span class='ocrx_word' id='word_1_218' title='bbox 707 3166 734 3210; x_wconf 91' lang='lat'>1</span> <span class='ocrx_word' id='word_1_219' title='bbox 772 3162 950 3212; x_wconf 84' lang='lat' dir='ltr'><strong>Lamb.</strong></span> <span class='ocrx_word' id='word_1_220' title='bbox 975 3177 1060 3224; x_wconf 86' lang='lat' dir='ltr'><strong>ap.</strong></span> <span class='ocrx_word' id='word_1_221' title='bbox 1083 3161 1558 3222; x_wconf 67' lang='lat' dir='ltr'><strong>Orethsegnitiam3</strong></span> <span class='ocrx_word' id='word_1_222' title='bbox 1592 3160 1793 3208; x_wconf 76' lang='lat' dir='ltr'><strong>Nonius</strong></span> <span class='ocrx_word' id='word_1_223' title='bbox 1826 3158 2127 3219; x_wconf 73' lang='lat' dir='ltr'><strong>segnitatem.</strong></span> <span class='ocrx_word' id='word_1_224' title='bbox 2180 3157 2325 3212; x_wconf 85' lang='lat' dir='ltr'><strong>Mox,</strong></span> <span class='ocrx_word' id='word_1_225' title='bbox 2343 3157 2522 3206; x_wconf 74' lang='lat' dir='ltr'><strong>homini</strong></span> 
     </span>
    </p>
   </div>
   <div class='ocr_carea' id='block_1_7' title="bbox 315 3223 2525 3421">
    <p class='ocr_par' dir='ltr' id='par_1_8' title="bbox 315 3223 2525 3421">
     <span class='ocr_line' id='line_1_29' title="bbox 319 3223 2521 3288; baseline -0 -15"><span class='ocrx_word' id='word_1_226' title='bbox 319 3226 431 3275; x_wconf 79' lang='lat' dir='ltr'><strong>Eri.</strong></span> <span class='ocrx_word' id='word_1_227' title='bbox 461 3233 601 3276; x_wconf 83' lang='lat'><strong>1.-2</strong></span> <span class='ocrx_word' id='word_1_228' title='bbox 637 3227 800 3275; x_wconf 86' lang='lat' dir='ltr'><strong>Codd.</strong></span> <span class='ocrx_word' id='word_1_229' title='bbox 828 3228 1021 3288; x_wconf 78' lang='lat' dir='ltr'><strong>aliquot</strong></span> <span class='ocrx_word' id='word_1_230' title='bbox 1048 3242 1131 3288; x_wconf 83' lang='lat' dir='ltr'><strong>ap.</strong></span> <span class='ocrx_word' id='word_1_231' title='bbox 1156 3226 1322 3274; x_wconf 86' lang='lat' dir='ltr'><strong>Orell.</strong></span> <span class='ocrx_word' id='word_1_232' title='bbox 1343 3227 1467 3274; x_wconf 88' lang='lat' dir='ltr'><strong>item</strong></span> <span class='ocrx_word' id='word_1_233' title='bbox 1492 3225 1643 3275; x_wconf 87' lang='lat' dir='ltr'><strong>Junt.</strong></span> <span class='ocrx_word' id='word_1_234' title='bbox 1668 3225 1809 3273; x_wconf 79' lang='lat' dir='ltr'><strong>Crat.</strong></span> <span class='ocrx_word' id='word_1_235' title='bbox 1827 3225 1970 3273; x_wconf 86' lang='lat' dir='ltr'><strong>Mau.</strong></span> <span class='ocrx_word' id='word_1_236' title='bbox 1999 3224 2177 3273; x_wconf 70' lang='lat' dir='ltr'><strong>nullius</strong></span> <span class='ocrx_word' id='word_1_237' title='bbox 2201 3223 2297 3272; x_wconf 75' lang='lat' dir='ltr'><strong>sibi</strong></span> <span class='ocrx_word' id='word_1_238' title='bbox 2324 3223 2450 3272; x_wconf 71' lang='lat' dir='ltr'><strong>artis</strong></span> <span class='ocrx_word' id='word_1_239' title='bbox 2469 3224 2521 3282; x_wconf 85' lang='lat' dir='ltr'><strong>f.</strong></span> 
     </span>
     <span class='ocr_line' id='line_1_30' title="bbox 315 3289 2519 3353; baseline -0.001 -14"><span class='ocrx_word' id='word_1_240' title='bbox 315 3307 420 3352; x_wconf 72' lang='lat' dir='ltr'><strong>cog.</strong></span> <span class='ocrx_word' id='word_1_241' title='bbox 443 3294 711 3341; x_wconf 76' lang='lat' dir='ltr'><strong>videri.—3</strong></span> <span class='ocrx_word' id='word_1_242' title='bbox 736 3293 909 3341; x_wconf 80' lang='lat' dir='ltr'><strong>Oxou.</strong></span> <span class='ocrx_word' id='word_1_243' title='bbox 933 3292 983 3340; x_wconf 93' lang='lat' dir='ltr'>U</span> <span class='ocrx_word' id='word_1_244' title='bbox 1008 3292 1072 3353; x_wconf 88' lang='lat' dir='ltr'><strong>Z,</strong></span> <span class='ocrx_word' id='word_1_245' title='bbox 1098 3293 1263 3342; x_wconf 76' lang='lat' dir='ltr'><strong>Palat.</strong></span> <span class='ocrx_word' id='word_1_246' title='bbox 1286 3296 1333 3339; x_wconf 84' lang='lat' dir='ltr'><strong>l.</strong></span> <span class='ocrx_word' id='word_1_247' title='bbox 1354 3294 1405 3339; x_wconf 80' lang='lat'><strong>2.</strong></span> <span class='ocrx_word' id='word_1_248' title='bbox 1426 3290 1589 3340; x_wconf 88' lang='lat' dir='ltr'><strong>Mem.</strong></span> <span class='ocrx_word' id='word_1_249' title='bbox 1612 3290 1754 3338; x_wconf 82' lang='lat' dir='ltr'><strong>Pith.</strong></span> <span class='ocrx_word' id='word_1_250' title='bbox 1775 3290 1916 3339; x_wconf 71' lang='lat' dir='ltr'><strong>aliter</strong></span> <span class='ocrx_word' id='word_1_251' title='bbox 1935 3289 2222 3338; x_wconf 68' lang='lat' dir='ltr'><strong>nuntiantur.</strong></span> <span class='ocrx_word' id='word_1_252' title='bbox 2278 3293 2294 3316; x_wconf 75' lang='lat'>‘</span> <span class='ocrx_word' id='word_1_253' title='bbox 2322 3289 2519 3337; x_wconf 69' lang='lat' dir='ltr'><strong>Forsan</strong></span> 
     </span>
     <span class='ocr_line' id='line_1_31' title="bbox 319 3352 2525 3421; baseline 0 -18"><span class='ocrx_word' id='word_1_254' title='bbox 319 3357 529 3407; x_wconf 57' lang='lat' dir='ltr'><strong>verius?</strong></span> <span class='ocrx_word' id='word_1_255' title='bbox 564 3357 713 3406; x_wconf 75' lang='lat' dir='ltr'><strong>Grut.</strong></span> <span class='ocrx_word' id='word_1_256' title='bbox 776 3357 1144 3421; x_wconf 75' lang='lat' dir='ltr'><strong>Mox,primam</strong></span> <span class='ocrx_word' id='word_1_257' title='bbox 1166 3357 1289 3420; x_wconf 73' lang='lat' dir='ltr'><strong>quod</strong></span> <span class='ocrx_word' id='word_1_258' title='bbox 1322 3355 1495 3406; x_wconf 84' lang='lat' dir='ltr'><strong>Oxon.</strong></span> <span class='ocrx_word' id='word_1_259' title='bbox 1521 3356 1688 3404; x_wconf 67' lang='lat' dir='ltr'><strong>U.-4</strong></span> <span class='ocrx_word' id='word_1_260' title='bbox 1720 3356 1837 3405; x_wconf 83' lang='lat' dir='ltr'><strong>Sch.</strong></span> <span class='ocrx_word' id='word_1_261' title='bbox 1862 3370 2003 3417; x_wconf 76' lang='lat' dir='ltr'><strong>susp.</strong></span> <span class='ocrx_word' id='word_1_262' title='bbox 2035 3352 2431 3418; x_wconf 70' lang='lat' dir='ltr'><strong>posteaquamjru</strong></span> <span class='ocrx_word' id='word_1_263' title='bbox 2452 3357 2525 3404; x_wconf 72' lang='lat' dir='ltr'><strong>est</strong></span> 
     </span>
    </p>
   </div>
   <div class='ocr_carea' id='block_1_8' title="bbox 1315 3504 1538 3555">
    <p class='ocr_par' dir='ltr' id='par_1_9' title="bbox 1315 3504 1538 3555">
     <span class='ocr_line' id='line_1_32' title="bbox 1315 3504 1538 3555; baseline -0.009 0"><span class='ocrx_word' id='word_1_264' title='bbox 1315 3504 1538 3555; x_wconf 79' lang='lat' dir='ltr'>NOTAE</span> 
     </span>
    </p>
   </div>
   <div class='ocr_carea' id='block_1_9' title="bbox 312 3586 2524 4362">
    <p class='ocr_par' dir='ltr' id='par_1_10' title="bbox 318 3586 2519 3658">
     <span class='ocr_line' id='line_1_33' title="bbox 318 3586 2519 3658; baseline -0.003 -6"><span class='ocrx_word' id='word_1_265' title='bbox 318 3601 601 3655; x_wconf 81' lang='lat' dir='ltr'><strong>divortium</strong></span> <span class='ocrx_word' id='word_1_266' title='bbox 625 3601 738 3651; x_wconf 81' lang='lat' dir='ltr'><strong>fieri</strong></span> <span class='ocrx_word' id='word_1_267' title='bbox 764 3609 1088 3652; x_wconf 74' lang='lat' dir='ltr'><strong>censeretur.</strong></span> <span class='ocrx_word' id='word_1_268' title='bbox 1460 3603 1513 3652; x_wconf 91' lang='lat' dir='ltr'><strong>id</strong></span> <span class='ocrx_word' id='word_1_269' title='bbox 1538 3610 1636 3658; x_wconf 75' lang='lat' dir='ltr'><strong>est,</strong></span> <span class='ocrx_word' id='word_1_270' title='bbox 1661 3586 1953 3650; x_wconf 76' lang='lat' dir='ltr'><strong>ostenderit</strong></span> <span class='ocrx_word' id='word_1_271' title='bbox 1974 3597 2260 3647; x_wconf 79' lang='lat' dir='ltr'><strong>doctrinam</strong></span> <span class='ocrx_word' id='word_1_272' title='bbox 2283 3604 2519 3647; x_wconf 83' lang='lat' dir='ltr'><strong>veterum</strong></span> 
     </span>
    </p>

    <p class='ocr_par' dir='ltr' id='par_1_11' title="bbox 312 3677 2524 4362">
     <span class='ocr_line' id='line_1_34' title="bbox 380 3677 2524 3747; baseline -0.002 -18"><span class='ocrx_word' id='word_1_273' title='bbox 380 3680 404 3715; x_wconf 64' lang='grc' dir='ltr'>ὓ</span> <span class='ocrx_word' id='word_1_274' title='bbox 442 3681 694 3743; x_wconf 67' lang='lat' dir='ltr'><strong>Expositis</strong></span> <span class='ocrx_word' id='word_1_275' title='bbox 722 3697 754 3730; x_wconf 83' lang='lat' dir='ltr'><strong>a</strong></span> <span class='ocrx_word' id='word_1_276' title='bbox 795 3682 887 3730; x_wconf 80' lang='lat' dir='ltr'><strong>Cn.</strong></span> <span class='ocrx_word' id='word_1_277' title='bbox 926 3683 1122 3747; x_wconf 69' lang='lat' dir='ltr'><strong>Herio]</strong></span> <span class='ocrx_word' id='word_1_278' title='bbox 1156 3683 1171 3710; x_wconf 91' lang='lat'>‘</span> <span class='ocrx_word' id='word_1_279' title='bbox 1192 3682 1379 3732; x_wconf 70' lang='lat' dir='ltr'><strong>Posset</strong></span> <span class='ocrx_word' id='word_1_280' title='bbox 1462 3683 1662 3731; x_wconf 84' lang='lat' dir='ltr'><strong>illorum</strong></span> <span class='ocrx_word' id='word_1_281' title='bbox 1692 3679 2176 3744; x_wconf 72' lang='lat' dir='ltr'><strong>jurisconsultorum</strong></span> <span class='ocrx_word' id='word_1_282' title='bbox 2206 3691 2309 3726; x_wconf 86' lang='lat' dir='ltr'><strong>non</strong></span> <span class='ocrx_word' id='word_1_283' title='bbox 2345 3677 2524 3725; x_wconf 83' lang='lat' dir='ltr'><strong>admo·</strong></span> 
     </span>
     <span class='ocr_line' id='line_1_35' title="bbox 318 3752 2520 3822; baseline -0.002 -16"><span class='ocrx_word' id='word_1_284' title='bbox 318 3759 403 3817; x_wconf 78' lang='lat' dir='ltr'><strong>agi</strong></span> <span class='ocrx_word' id='word_1_285' title='bbox 450 3759 567 3818; x_wconf 73' lang='lat' dir='ltr'><strong>lege</strong></span> <span class='ocrx_word' id='word_1_286' title='bbox 604 3757 808 3818; x_wconf 86' lang='lat' dir='ltr'><strong>necne,&#39;</strong></span> <span class='ocrx_word' id='word_1_287' title='bbox 852 3759 1019 3822; x_wconf 84' lang='lat' dir='ltr'><strong>iuquit</strong></span> <span class='ocrx_word' id='word_1_288' title='bbox 1063 3760 1248 3808; x_wconf 84' lang='lat' dir='ltr'><strong>Cicero</strong></span> <span class='ocrx_word' id='word_1_289' title='bbox 1285 3774 1379 3821; x_wconf 85' lang='lat' dir='ltr'><strong>pro</strong></span> <span class='ocrx_word' id='word_1_290' title='bbox 1460 3760 1583 3809; x_wconf 86' lang='lat' dir='ltr'><strong>dum</strong></span> <span class='ocrx_word' id='word_1_291' title='bbox 1622 3757 1939 3807; x_wconf 82' lang='lat' dir='ltr'><strong>reconditam</strong></span> <span class='ocrx_word' id='word_1_292' title='bbox 1965 3754 2145 3818; x_wconf 75' lang='lat' dir='ltr'><strong>fuisse,</strong></span> <span class='ocrx_word' id='word_1_293' title='bbox 2180 3759 2196 3782; x_wconf 83' lang='lat'><em>‘</em></span> <span class='ocrx_word' id='word_1_294' title='bbox 2220 3763 2276 3805; x_wconf 87' lang='lat' dir='ltr'><strong>et</strong></span> <span class='ocrx_word' id='word_1_295' title='bbox 2307 3752 2520 3816; x_wconf 72' lang='lat' dir='ltr'><strong>singulis</strong></span> 
     </span>
     <span class='ocr_line' id='line_1_36' title="bbox 316 3829 2519 3898; baseline -0.002 -16"><span class='ocrx_word' id='word_1_296' title='bbox 316 3833 546 3882; x_wconf 77' lang='lat' dir='ltr'><strong>Murena</strong></span> <span class='ocrx_word' id='word_1_297' title='bbox 581 3835 610 3896; x_wconf 61' lang='grc' dir='ltr'><strong>ξ</strong></span> <span class='ocrx_word' id='word_1_298' title='bbox 642 3838 724 3883; x_wconf 81' lang='lat'><strong>25.</strong></span> <span class='ocrx_word' id='word_1_299' title='bbox 759 3840 775 3861; x_wconf 80' lang='lat'>‘</span> <span class='ocrx_word' id='word_1_300' title='bbox 797 3835 947 3897; x_wconf 79' lang='lat' dir='ltr'><strong>pauci</strong></span> <span class='ocrx_word' id='word_1_301' title='bbox 984 3835 1241 3898; x_wconf 84' lang='lat' dir='ltr'><strong>quondam</strong></span> <span class='ocrx_word' id='word_1_302' title='bbox 1280 3837 1377 3883; x_wconf 76' lang='lat' dir='ltr'><strong>sci·</strong></span> <span class='ocrx_word' id='word_1_303' title='bbox 1460 3836 1643 3890; x_wconf 62' lang='lat' dir='ltr'><strong>diebua</strong></span> <span class='ocrx_word' id='word_1_304' title='bbox 1668 3832 1970 3883; x_wconf 73' lang='lat' dir='ltr'><strong>ediscendus</strong></span> <span class='ocrx_word' id='word_1_305' title='bbox 1991 3829 2151 3880; x_wconf 71' lang='lat' dir='ltr'><strong>fastor</strong></span> <span class='ocrx_word' id='word_1_306' title='bbox 2181 3829 2373 3892; x_wconf 84' lang='lat' dir='ltr'><strong>populo</strong></span> <span class='ocrx_word' id='word_1_307' title='bbox 2402 3843 2519 3890; x_wconf 86' lang='lat' dir='ltr'><strong>pro·</strong></span> 
     </span>
     <span class='ocr_line' id='line_1_37' title="bbox 314 3905 2518 3975; baseline -0.002 -17"><span class='ocrx_word' id='word_1_308' title='bbox 314 3909 495 3958; x_wconf 80' lang='lat' dir='ltr'><strong>ebant.</strong></span> <span class='ocrx_word' id='word_1_309' title='bbox 562 3909 748 3974; x_wconf 69' lang='lat' dir='ltr'><strong>Festos</strong></span> <span class='ocrx_word' id='word_1_310' title='bbox 771 3912 907 3960; x_wconf 81' lang='lat' dir='ltr'><strong>euim</strong></span> <span class='ocrx_word' id='word_1_311' title='bbox 933 3912 1083 3972; x_wconf 79' lang='lat' dir='ltr'><strong>vulgo</strong></span> <span class='ocrx_word' id='word_1_312' title='bbox 1103 3925 1202 3959; x_wconf 88' lang='lat' dir='ltr'><strong>non</strong></span> <span class='ocrx_word' id='word_1_313' title='bbox 1227 3909 1378 3972; x_wconf 77' lang='lat' dir='ltr'><strong>habe·</strong></span> <span class='ocrx_word' id='word_1_314' title='bbox 1461 3911 1712 3975; x_wconf 82' lang='lat' dir='ltr'><strong>posuerit.</strong></span> <span class='ocrx_word' id='word_1_315' title='bbox 1752 3919 1810 3959; x_wconf 87' lang='lat' dir='ltr'><strong>et</strong></span> <span class='ocrx_word' id='word_1_316' title='bbox 1839 3909 1905 3958; x_wconf 91' lang='lat' dir='ltr'><strong>ab</strong></span> <span class='ocrx_word' id='word_1_317' title='bbox 1937 3907 2063 3971; x_wconf 74' lang='lat' dir='ltr'><strong>ipsis</strong></span> <span class='ocrx_word' id='word_1_318' title='bbox 2086 3907 2250 3956; x_wconf 81' lang='lat' dir='ltr'><strong>cautis</strong></span> <span class='ocrx_word' id='word_1_319' title='bbox 2262 3905 2518 3968; x_wconf 83' lang='lat' dir='ltr'><strong>juriscon-</strong></span> 
     </span>
     <span class='ocr_line' id='line_1_38' title="bbox 314 3982 2520 4051; baseline -0.001 -16"><span class='ocrx_word' id='word_1_320' title='bbox 314 3987 476 4036; x_wconf 83' lang='lat' dir='ltr'><strong>bant:</strong></span> <span class='ocrx_word' id='word_1_321' title='bbox 518 3995 668 4034; x_wconf 80' lang='lat' dir='ltr'><strong>erant</strong></span> <span class='ocrx_word' id='word_1_322' title='bbox 692 3987 827 4034; x_wconf 82' lang='lat' dir='ltr'><strong>enim</strong></span> <span class='ocrx_word' id='word_1_323' title='bbox 852 3988 906 4036; x_wconf 90' lang='lat' dir='ltr'><strong>in</strong></span> <span class='ocrx_word' id='word_1_324' title='bbox 936 4001 1123 4051; x_wconf 84' lang='lat' dir='ltr'><strong>magna</strong></span> <span class='ocrx_word' id='word_1_325' title='bbox 1146 3987 1382 4049; x_wconf 83' lang='lat' dir='ltr'><strong>potentia</strong></span> <span class='ocrx_word' id='word_1_326' title='bbox 1458 3988 1609 4038; x_wconf 69' lang='lat' dir='ltr'><strong>uultis</strong></span> <span class='ocrx_word' id='word_1_327' title='bbox 1641 4002 1818 4036; x_wconf 87' lang='lat' dir='ltr'><strong>eorum</strong></span> <span class='ocrx_word' id='word_1_328' title='bbox 1846 3985 2152 4049; x_wconf 78' lang='lat' dir='ltr'><strong>sapientiam</strong></span> <span class='ocrx_word' id='word_1_329' title='bbox 2191 3982 2520 4044; x_wconf 69' lang='lat' dir='ltr'><strong>compilariae.³</strong></span> 
     </span>
     <span class='ocr_line' id='line_1_39' title="bbox 314 4060 2516 4130; baseline -0.003 -18"><span class='ocrx_word' id='word_1_330' title='bbox 314 4067 404 4128; x_wconf 79' lang='lat' dir='ltr'><strong>qni</strong></span> <span class='ocrx_word' id='word_1_331' title='bbox 445 4067 882 4127; x_wconf 74' lang='lat' dir='ltr'><strong>consulebantur3</strong></span> <span class='ocrx_word' id='word_1_332' title='bbox 927 4081 957 4115; x_wconf 81' lang='lat' dir='ltr'><strong>a</strong></span> <span class='ocrx_word' id='word_1_333' title='bbox 994 4067 1180 4130; x_wconf 76' lang='lat' dir='ltr'><strong>quibus</strong></span> <span class='ocrx_word' id='word_1_334' title='bbox 1220 4067 1379 4115; x_wconf 88' lang='lat' dir='ltr'><strong>etiam</strong></span> <span class='ocrx_word' id='word_1_335' title='bbox 1461 4066 1557 4114; x_wconf 90' lang='lat' dir='ltr'><strong>Cn.</strong></span> <span class='ocrx_word' id='word_1_336' title='bbox 1581 4065 1679 4112; x_wconf 76' lang='lat' dir='ltr'><strong>iste</strong></span> <span class='ocrx_word' id='word_1_337' title='bbox 1716 4063 1942 4123; x_wconf 75' lang='lat' dir='ltr'><strong>Flavius,</strong></span> <span class='ocrx_word' id='word_1_338' title='bbox 1978 4068 2130 4124; x_wconf 84' lang='lat' dir='ltr'><strong>patre</strong></span> <span class='ocrx_word' id='word_1_339' title='bbox 2161 4060 2403 4109; x_wconf 84' lang='lat' dir='ltr'><strong>libertino</strong></span> <span class='ocrx_word' id='word_1_340' title='bbox 2425 4074 2516 4108; x_wconf 88' lang='lat' dir='ltr'><strong>na-</strong></span> 
     </span>
     <span class='ocr_line' id='line_1_40' title="bbox 314 4138 2517 4206; baseline -0.002 -17"><span class='ocrx_word' id='word_1_341' title='bbox 314 4142 428 4191; x_wconf 76' lang='lat' dir='ltr'><strong>diea</strong></span> <span class='ocrx_word' id='word_1_342' title='bbox 450 4150 698 4206; x_wconf 70' lang='lat' dir='ltr'><strong>&#39;tanquam</strong></span> <span class='ocrx_word' id='word_1_343' title='bbox 726 4143 1027 4192; x_wconf 79' lang='lat' dir='ltr'><strong>aChaldaeis</strong></span> <span class='ocrx_word' id='word_1_344' title='bbox 1047 4143 1378 4206; x_wconf 79' lang='lat' dir='ltr'><strong>petebantur.</strong></span> <span class='ocrx_word' id='word_1_345' title='bbox 1462 4151 1566 4201; x_wconf 74' lang='grc' dir='ltr'><strong>ωε,</strong></span> <span class='ocrx_word' id='word_1_346' title='bbox 1606 4142 1670 4189; x_wconf 86' lang='lat' dir='ltr'><strong>ob</strong></span> <span class='ocrx_word' id='word_1_347' title='bbox 1711 4139 1872 4188; x_wconf 75' lang='lat' dir='ltr'><strong>fastos</strong></span> <span class='ocrx_word' id='word_1_348' title='bbox 1927 4139 2119 4201; x_wconf 86' lang='lat' dir='ltr'><strong>populo</strong></span> <span class='ocrx_word' id='word_1_349' title='bbox 2165 4138 2517 4200; x_wconf 67' lang='lat' dir='ltr'><strong>promulgator</strong></span> 
     </span>
     <span class='ocr_line' id='line_1_41' title="bbox 312 4213 2518 4284; baseline -0.004 -16"><span class='ocrx_word' id='word_1_350' title='bbox 312 4219 569 4268; x_wconf 78' lang='lat' dir='ltr'><strong>Inventus</strong></span> <span class='ocrx_word' id='word_1_351' title='bbox 596 4226 676 4267; x_wconf 72' lang='lat' dir='ltr'><strong>est</strong></span> <span class='ocrx_word' id='word_1_352' title='bbox 709 4221 874 4269; x_wconf 75' lang='lat' dir='ltr'><strong>scriba</strong></span> <span class='ocrx_word' id='word_1_353' title='bbox 907 4221 1116 4284; x_wconf 86' lang='lat' dir='ltr'><strong>quidam</strong></span> <span class='ocrx_word' id='word_1_354' title='bbox 1140 4219 1239 4269; x_wconf 87' lang='lat' dir='ltr'><strong>Cn.</strong></span> <span class='ocrx_word' id='word_1_355' title='bbox 1262 4220 1380 4268; x_wconf 71' lang='lat' dir='ltr'><strong>Fia-</strong></span> <span class='ocrx_word' id='word_1_356' title='bbox 1462 4217 1562 4267; x_wconf 85' lang='lat' dir='ltr'><strong>fuit</strong></span> <span class='ocrx_word' id='word_1_357' title='bbox 1604 4219 1765 4266; x_wconf 80' lang='lat' dir='ltr'><strong>aedilis</strong></span> <span class='ocrx_word' id='word_1_358' title='bbox 1810 4216 1997 4264; x_wconf 78' lang='lat' dir='ltr'><strong>curulis</strong></span> <span class='ocrx_word' id='word_1_359' title='bbox 2041 4230 2074 4264; x_wconf 81' lang='lat' dir='ltr'><strong>a</strong></span> <span class='ocrx_word' id='word_1_360' title='bbox 2114 4213 2309 4264; x_wconf 81' lang='lat' dir='ltr'><strong>forensi</strong></span> <span class='ocrx_word' id='word_1_361' title='bbox 2365 4214 2518 4262; x_wconf 83' lang='lat' dir='ltr'><strong>turba</strong></span> 
     </span>
     <span class='ocr_line' id='line_1_42' title="bbox 315 4292 2518 4362; baseline -0.004 -17"><span class='ocrx_word' id='word_1_362' title='bbox 315 4300 449 4360; x_wconf 72' lang='lat' dir='ltr'><strong>vius,</strong></span> <span class='ocrx_word' id='word_1_363' title='bbox 474 4296 562 4360; x_wconf 89' lang='lat' dir='ltr'><strong>qui</strong></span> <span class='ocrx_word' id='word_1_364' title='bbox 587 4297 850 4347; x_wconf 86' lang='lat' dir='ltr'><strong>cornicum</strong></span> <span class='ocrx_word' id='word_1_365' title='bbox 872 4297 1044 4347; x_wconf 74' lang='lat' dir='ltr'><strong>oculos</strong></span> <span class='ocrx_word' id='word_1_366' title='bbox 1071 4296 1381 4362; x_wconf 74' lang='lat' dir='ltr'><strong>confixerit,&#39;</strong></span> <span class='ocrx_word' id='word_1_367' title='bbox 1464 4301 1670 4354; x_wconf 72' lang='lat' dir='ltr'><strong>creatus</strong></span> <span class='ocrx_word' id='word_1_368' title='bbox 1692 4293 1757 4343; x_wconf 84' lang='lat' dir='ltr'><strong>A.</strong></span> <span class='ocrx_word' id='word_1_369' title='bbox 1779 4293 1847 4343; x_wconf 87' lang='lat' dir='ltr'><strong>U.</strong></span> <span class='ocrx_word' id='word_1_370' title='bbox 1871 4292 1933 4342; x_wconf 91' lang='lat' dir='ltr'><strong>C.</strong></span> <span class='ocrx_word' id='word_1_371' title='bbox 1957 4296 2072 4343; x_wconf 80' lang='lat'><strong>45⁰.</strong></span> <span class='ocrx_word' id='word_1_372' title='bbox 2106 4299 2229 4342; x_wconf 77' lang='lat' dir='ltr'><strong>aute</strong></span> <span class='ocrx_word' id='word_1_373' title='bbox 2253 4292 2372 4343; x_wconf 81' lang='lat' dir='ltr'><strong>Chr.</strong></span> <span class='ocrx_word' id='word_1_374' title='bbox 2403 4293 2518 4338; x_wconf 77' lang='lat'><strong>304.</strong></span> 
     </span>
    </p>
   </div>
  </div>
 </body>
</html>
