3020 4942
987 405 1084 456 DE
1118 399 1508 486 onnon&
1557 409 1605 455 1.
1652 392 1757 458 18.
2346 395 2475 462 853

315 549 666 639 complures
696 553 952 619 tumibi
983 553 1128 617 dies
1153 573 1298 617 sum
1330 544 1603 637 propter
1632 544 1992 638 navigandi
2021 543 2472 620 difficultatem

316 665 739 723 commoratus
768 678 785 722 ς
830 657 975 734 sed,
1022 676 1176 720 cum
1207 656 1505 740 quotidie
1536 648 1795 723 meeum
1827 647 2146 722 haberem
2167 658 2476 723 homines

315 760 743 837 doctissimos,
767 778 883 822 eos
910 759 1047 822 fere
1078 758 1295 841 ipsos,
1328 760 1441 842 qui
1467 760 1592 824 abs
1623 767 1688 825 te
1716 761 1920 826 modo
1953 766 2103 825 sunt
2132 762 2472 835 nominati,

315 853 578 945 cumque
608 858 781 938 hoc'‚⁵
823 862 1053 926 nescio
1083 862 1440 944 quomodo,
1470 864 1656 946 ‘apud
1692 855 1811 928 ens
1838 864 2325 943 increbuisset?
2368 884 2473 927 me

312 963 373 1026 in
403 966 623 1029 causis
675 965 1059 1049 majoribUS,
1109 965 1308 1030 sicuti
1344 973 1434 1043 te,
1477 967 1692 1030 solere
1722 966 1997 1056 versari,
2030 959 2153 1049 pro
2184 956 2259 1029 se
2287 968 2471 1050 quis-

312 1079 443 1148 que‘
470 1072 543 1131 ut'
582 1061 915 1151 poterat‚⁶'
943 1067 1023 1131 de
1062 1065 1287 1132 'officio
1337 1074 1407 1134 et
1444 1057 1707 1134 ratione
1740 1070 2023 1134 oratoris
2054 1069 2473 1151 disputabat.

309 1168 406 1232 83.
445 1168 700 1235 Horum
733 1170 872 1248 alii,
901 1171 1079 1235 sicut
1108 1171 1237 1234 iste
1285 1171 1436 1255 ipse
1469 1171 1939 1248 MnesarchuS‚
1966 1171 2113 1249 1105,
2145 1191 2316 1255 quos
2345 1164 2471 1235 nos

311 1269 588 1335 oratores
617 1267 1033 1350 νοὸειτθηιιιε,
1057 1266 1222 1336 nihil
1246 1265 1703 1352 esse'dicebat',
1734 1275 1862 1338 nisi
1891 1265 2216 1359 quosdam
2238 1293 2476 1357 opera-

308 1373 488 1451 rios,W
528 1374 762 1457 lingua
783 1376 982 1439 celeri
1013 1384 1081 1438 et
1113 1377 1517 1456 exercitata3
1570 1383 1897 1441 oratorem
1930 1382 2169 1453 autem,
2193 1376 2323 1440 nisi
2357 1376 2475 1460 qui

309 1477 551 1559 sapiens
598 1483 822 1555 esset‚¹
866 1497 1015 1541 esse
1055 1476 1423 1541 neminem:
1471 1486 1672 1561 atque
1714 1478 1935 1562 ipsam
1967 1478 2477 1561 eloquentiam,x

309 1577 516 1659 quod⁷
558 1599 644 1644 ex
670 1580 851 1643 ‘bene
883 1574 1163 1643 ‘dicendi
1202 1578 1482 1644 scientia
1515 1586 1875 1659 constaret,
1905 1589 2105 1645 u'nam
2139 1581 2475 1664 quandam

307 1697 447 1744 esse
491 1681 852 1758 virtutem?
905 1691 996 1760 et,
1040 1682 1157 1765 qui
1205 1701 1399 1745 unam
1433 1681 1743 1746 virtutem
1771 1675 2065 1759 haberet,
2100 1675 2330 1746 omnes
2357 1682 2478 1746 ha·

305 1780 466 1855 bere,
491 1803 749 1868 easque
774 1779 799 1818 ⁸
827 1799 979 1847 esse
1012 1781 1178 1849 inter
1209 1803 1280 1846 se
1311 1784 1613 1867 aequales
1643 1790 1709 1849 et
1736 1804 1974 1868 pares:
2018 1785 2139 1862 ita,
2164 1784 2277 1867 qui
2302 1790 2479 1847 esset

303 1880 620 1968 eloquens,
653 1906 803 1948 eum
828 1880 1108 1970 virtutes
1131 1905 1360 1949 omnes
1381 1879 1652 1965 habere,
1678 1893 1879 1970 atque
1901 1906 2049 1951 esse
2081 1888 2476 1969 sapientem.

303 1983 424 2049 Sed
452 1988 764 2053 haec‘erat
794 1989 1101 2072 spinosa.⁸
1151 1983 1465 2071 quaedam‘
1488 1995 1553 2052 et
1579 1989 1790 2068 exilis?
1818 1990 2058 2068 oratic,
2086 1989 2413 2072 longeque
2436 2006 2480 2051 a

302 2090 536 2155 nostris
567 2092 880 2156 sensibus
910 2091 1320 2155 abhorrebat.
1408 2089 1517 2155 84.
1566 2090 1988 2160 Charmadas
2007 2085 2039 2142 '⁹
2083 2111 2240 2155 vero
2271 2090 2479 2154 multo

355 2297 390 2322 ¹·
420 2289 602 2339 Rumor
619 2305 810 2354 sparsus
818 2289 1014 2351 fuisset.
1247 2299 1274 2323 ⁸
1309 2290 1427 2340 Nisa·
1446 2290 1529 2355 qui
1544 2290 1889 2356 philosophiam
1899 2291 2105 2341 'tenerem

359 2362 385 2395 1
416 2354 473 2403 In
492 2356 729 2405 virtutum
749 2371 939 2406 numero
959 2371 1057 2406 esse
1076 2358 1411 2419 reponendam.

357 2425 380 2450 2
399 2419 647 2485 Implicota
667 2425 716 2470 et
744 2421 998 2471 obscurior.

1192 2513 1567 2536 OWOONOO

301 2605 547 2658 Dissentit
569 2609 821 2658 Harl.—6
845 2608 1016 2659 Oxou.
1039 2609 1087 2657 U
1104 2608 1165 2667 Z,
1181 2623 1286 2657 cum
1304 2608 1406 2658 Ιιοσ.
1451 2607 1601 2668 Mox,
1623 2608 1881 2656 nonnullae
1905 2605 2028 2656 edd.
2061 2605 2480 2657 incr-ebruinus—

299 2676 328 2720 6
358 2672 462 2721 Erl.
486 2678 534 2723 1.
567 2674 671 2737 ipse
692 2675 886 2738 quisque
905 2679 1094 2736 poterat
1106 2689 1126 2730 ‚·
1160 2674 1268 2724 Eri.
1290 2676 1340 2722 2.
1374 2673 1472 2734 ipse
1492 2673 1683 2736 quisque
1701 2678 1755 2737 τις
1773 2677 1995 2736 poterut,-
2024 2671 2108 2721 ed.
2144 2672 2295 2720 Rom.
2323 2687 2410 2735 pro
2430 2690 2481 2724 se

298 2751 376 2798 que
390 2739 578 2802 quisque
606 2744 796 2803 poterat
808 2757 828 2798 ,-
846 2738 1018 2788 Oxon.
1039 2739 1082 2787 U
1102 2739 1162 2798 Z,
1181 2747 1234 2787 et
1256 2739 1338 2788 ed.
1355 2737 1496 2786 Kob.
1528 2753 1615 2800 pro
1635 2752 1774 2800 seque
1795 2739 1988 2800 quisque
2002 2742 2187 2800 poterat
2201 2752 2223 2794 ;
2239 2736 2416 2787 Guelf.
2430 2742 2483 2789 2.

299 2804 343 2848 3.
369 2803 536 2853 Oxou.
561 2822 609 2861 α,
630 2811 686 2852 et
705 2805 788 2852 ed.
809 2803 843 2854 J
850 2811 958 2854 unt.
991 2818 1077 2867 pro
1099 2819 1149 2852 se
1174 2803 1369 2866 quisque
1397 2817 1576 2861 eorum,
1593 2808 1817 2864 quantum
1840 2802 2035 2865 quisque
2062 2807 2265 2864 poterat.
2332 2802 2481 2859 Mox,

299 2865 404 2915 loco
429 2875 475 2917 et
497 2875 593 2918 rat.
631 2868 746 2919 cod.
782 2869 945 2918 Gron.
967 2878 1019 2917 et
1043 2868 1216 2918 Oxon.
1238 2868 1300 2931 Z,
1342 2872 1389 2917 et
1418 2871 1728 2916 decoratione.
1794 2867 2024 2916 Gronov.
2047 2869 2307 2930 opinatur,
2331 2867 2481 2916 Cice-

298 2943 465 2980 ronem
485 2934 758 2997 scripsisse
775 2939 820 2982 et
839 2937 896 2983 de
912 2935 1094 2983 ratione
1105 2950 1125 2992 ,·
1146 2935 1293 2984 etsie
1317 2933 1508 2994 legitur
1532 2933 1583 2991 in
1608 2932 1781 2982 Oxon.
1798 2933 1847 2980 U
1864 2934 1987 2981 αδε.
2039 2933 2195 2992 Dein,
2210 2932 2386 2994 abipso
2405 2933 2481 2982 M.

297 2995 687 3048 Mesarchoes.—7
723 2998 897 3047 Oxou.
916 3017 972 3062 γ,
992 3004 1211 3062 quan—8
1247 2999 1418 3048 Oxou·
1442 2999 1488 3047 U
1508 2999 1553 3053 δ.
1575 2997 1724 3049 Junt.
1742 2997 1861 3046 And.
1887 2998 2031 3046 Crat.
2054 2997 2209 3046 Grut.
2228 3006 2283 3046 et
2307 2998 2484 3061 vnlgg.

298 3070 411 3110 ante
433 3063 623 3114 Peste.
658 3079 822 3127 easque
843 3066 1001 3124 ipsam
1034 3066 1187 3115 Cant.
1213 3063 1358 3114 Harl.
1378 3068 1428 3112 2.
1467 3060 1617 3125 Wag.
1656 3063 1770 3111 Bal.
1801 3062 1955 3114 Joan.
1992 3064 2129 3123 Nov.
2152 3063 2297 3125 Mag.
2322 3061 2480 3112 Norf.

299 3124 400 3174 Eri.
420 3132 468 3177 1.
486 3134 537 3178 2.
571 3144 689 3179 cum
710 3130 830 3177 edd.
854 3130 1005 3177 Rom.
1029 3129 1170 3178 Kob.
1189 3130 1319 3178 Ven.
1338 3126 1557 3177 Mediol.
1578 3127 1834 3190 C-Steph.
1859 3136 1914 3175 et
1937 3128 2118 3177 Lamb.
2138 3127 2315 3177 delent
2338 3129 2483 3190 ipsas.

297 3195 388 3241 —9
407 3192 488 3244 Ita
510 3195 546 3247 J
550 3209 668 3245 oon.
690 3194 840 3245 Harl.
859 3199 912 3244 1.
932 3195 1038 3243 Erl.
1061 3199 1106 3244 1.
1161 3194 1427 3243 Corniadas
1451 3192 1586 3243 Bod.
1630 3193 1918 3243 Charmade-⁹
1936 3194 2156 3244 Wetzel.
2213 3194 2481 3242 Carneades

1273 3330 1489 3382 NOTAE

1425 3445 1614 3501 tui-qne
1639 3439 1764 3486 mari
1783 3436 2191 3494 Mediterraneo‚
2214 3452 2245 3486 a
2269 3439 2481 3501 regione

1425 3518 1705 3567 insularum
1732 3516 1891 3578 Cypri
1914 3523 1970 3564 et
1995 3512 2195 3565 Rhodi:
2233 3515 2355 3564 urbs
2375 3518 2481 3581 pri-

1426 3592 1592 3641 maria
1626 3593 1829 3645 Tarsus,
1854 3597 1952 3642 est.

296 3435 511 3503 fuerant,
549 3453 665 3489 oum
703 3438 922 3501 imperio
949 3438 1208 3488 consulari
1231 3438 1345 3487 mit·

297 3512 538 3563 tebantur
583 3516 634 3563 in
681 3515 992 3577 provincias,
1036 3528 1133 3562 nec
1180 3513 1345 3562 minus

296 3591 692 3653 appellabantur
739 3592 1108 3653 proconsulem
1161 3596 1220 3639 nt
1263 3590 1347 3639 hic
2016 3591 2171 3641 Nunc
2197 3591 2483 3644 Cat-amunia

297 3664 402 3726 ipse
422 3667 508 3730 qni
544 3667 773 3730 loquitur
804 3666 1054 3716 Antonius
1084 3673 1201 3716 aute
1225 3681 1348 3716 con-

298 3741 526 3799 sulatum,
564 3757 717 3807 quem
754 3742 955 3791 nonnisi
979 3742 1204 3791 triennio
1228 3751 1346 3805 post

297 3818 534 3876 obtinuit,
573 3821 845 3884 proconsul
881 3821 930 3868 in
969 3819 1199 3869 Ciliciam
1228 3836 1345 3883 pro-

295 3892 459 3945 fectus
494 3903 579 3945 est
610 3895 672 3946 A.
711 3896 778 3944 U.
815 3896 874 3946 C.
906 3900 1022 3947 652.
1069 3904 1192 3945 ante
1226 3897 1345 3948 Chr.

296 3975 403 4020 102.
469 3972 635 4020 Immo
658 3972 861 4019 nomina
897 3973 1121 4020 consulis
1152 3980 1206 4020 et
1229 3987 1344 4035 pro·

296 4050 535 4106 consulis,
558 4050 792 4112 praetoris
816 4062 870 4098 et
886 4052 1218 4115 propraetoris
1243 4066 1345 4101 non

297 4127 450 4176 sesne!
474 4143 505 4176 a
527 4126 791 4175 veteribus
815 4126 1061 4175 confundi
1087 4127 1280 4176 videas.

359 4210 381 4235 v
409 4204 476 4253 In
500 4202 744 4266 Ciliciam]
775 4202 907 4253 Quae
947 4202 1086 4252 Asiae
1124 4204 1346 4254 Minoris

1426 3669 1740 3732 appellatur.

1490 3754 1523 3778 w
1564 3743 1842 3808 operarios]
1898 3743 2002 3804 Qui
2046 3742 2303 3794 haberent
2335 3760 2481 3795 nsum

1427 3821 1655 3883 dicendi,
1677 3832 1845 3871 artem
1864 3821 2179 3883 ignorarent.

1490 3907 1518 3932 Χ
1551 3900 1711 3962 Ipsam
1727 3899 2058 3964 eloquentiam]
2073 3899 2385 3962 Eloquentia
2401 3907 2482 3951 est

1428 3978 1504 4025 vis
1530 3978 1640 4039 ipsa
1664 3986 1719 4026 et
1754 3976 1973 4026 facultas
2000 3978 2134 4026 bene
2157 3985 2212 4026 et
2241 3980 2485 4041 apposite

1426 4052 1639 4101 dicendi
1678 4052 1743 4100 ad
1778 4052 2192 4114 persuadendum
2225 4054 2445 4103 alterum
2467 4071 2484 4104 z

1406 4127 1685 4178 *rhetorica
1718 4136 1799 4176 est
1832 4141 1915 4175 ars
1959 4142 2072 4192 quae
2106 4128 2196 4178 dat
2220 4138 2487 4195 proecepta

1428 4206 1493 4257 ad
1518 4205 1572 4256 id
1595 4203 1969 4271 praestandum.

297 4284 378 4330 est
398 4295 492 4332 ora
513 4295 630 4347 quae
651 4272 920 4334 meridiem
950 4287 1180 4348 spectat,
1201 4282 1346 4334 allui·
1450 4344 1467 4354 ε
