3020 4942
514 330 644 398 866
1279 343 1359 391 Μ.
1408 342 1475 391 Τ.
1527 342 1937 391 crosnoms

515 495 688 557 trum
721 487 1058 554 incidisse.
1119 463 1269 551 112.
1313 487 1663 570 Equidem,
1690 506 1841 551 cum
1868 492 2159 570 peterem
2188 486 2706 570 magistratum,⁴

485 592 821 668 „solebam
871 591 941 656 in
992 582 1424 675 prensandb¹
1469 590 1802 655 dimittere
1854 610 1899 654 a
1939 609 2046 655 me
2086 589 2520 664 Scaevolam,⁸
2562 609 2708 658 cum

517 695 581 758 ei
611 695 708 760 ita
735 694 1049 774 dicerem,
1082 713 1187 759 me
1216 693 1383 758 velle
1427 713 1582 758 esse
1621 693 1963 777 ineptum:
2004 692 2073 758 id
2103 698 2246 758 erat
2272 697 2498 776 petere
2527 692 2710 758 blan·

519 797 671 874 dius
698 816 715 859 :
747 795 930 879 quod
962 796 1092 861 nisi
1120 796 1347 879 inepte
1378 795 1584 876 fieret,
1615 798 1784 861 bene
1813 815 1949 859 non
1975 801 2215 879 posset
2242 794 2434 862 fieri!
2507 794 2713 864 Hunc

514 907 742 966 autem
795 918 944 964 esse
1001 918 1204 966 unum
1249 898 1581 964 hominem
1614 907 1639 946 ⁵
1685 916 1779 962 ex
1822 898 2149 976 omnibuS,
2192 916 2331 981 quo
2382 902 2710 981 praesente

518 1022 647 1084 ego
709 1004 981 1086 ineptus
1038 1021 1188 1065 esse
1245 1001 1512 1068 minime
1538 999 1566 1041 ⁶
1610 1001 1891 1067 vellem:
1955 1020 2150 1084 quem
2210 999 2476 1083 quidem
2535 1019 2711 1066 nunc

516 1122 812 1170 mearum
866 1104 1263 1189 ineptiarum
1306 1110 1544 1170 testem
1584 1110 1653 1170 et
1693 1107 2136 1189 ‘spectatorem
2166 1101 2429 1167 fortuna
2458 1103 2707 1176 consti-

518 1208 675 1272 tuit.
766 1205 952 1274 Nam
1005 1206 1174 1292 quid
1224 1213 1326 1272 est
1372 1207 1685 1290 ineptius,
1735 1225 1937 1291 quam
1979 1204 2061 1269 de
2107 1202 2394 1269 dicendo
2447 1203 2711 1286 dicere3

517 1327 672 1373 cum
703 1308 923 1394 ipsum
953 1307 1157 1372 dicere
1181 1316 1208 1360 ⁷
1251 1329 1603 1393 nunquam
1633 1310 1719 1374 sit
1749 1329 1876 1373 non
1908 1312 2224 1392 ineptum,
2249 1306 2384 1369 nisi
2426 1313 2583 1371 cum'
2611 1315 2710 1371 est

475 1449 479 1455 ·
518 1412 1017 1490 necessarium?
1105 1411 1322 1495 Perge
1373 1431 1558 1490 vere,
1609 1412 1876 1488 Crasse,
1927 1410 2143 1493 inquit
2180 1409 2476 1475 Mucius.
2563 1408 2710 1475 113.

518 1514 732 1579 Istam
762 1516 942 1579 enim
974 1516 1265 1599 culpam,
1299 1535 1502 1600 quam
1537 1514 1804 1594 vereris,
1835 1534 1956 1598 ego
1983 1513 2375 1597 praestabo.⁴

606 1634 801 1682 xxv.
846 1618 965 1684 Sic
1014 1618 1234 1704 igitur,
1283 1618 1503 1703 inquit
1535 1617 1853 1697 Crassus»,
1886 1616 2148 1694 senti0,¹¹
2193 1621 2540 1680 naturam·
2582 1615 2709 1700 pri-

581 1782 603 1816 ὃ
639 1786 759 1833 Cum
778 1785 903 1835 cives
934 1785 1105 1848 quibus
1126 1784 1214 1845 ,ξω
1250 1790 1356 1837 erat
1384 1786 1614 1851 suffragii
1637 1786 1804 1854 blande
1823 1787 2080 1836 salutarem
2111 1788 2159 1834 et
2180 1769 2498 1848 anaptexarer,
2518 1782 2731 1832 solebam·

402 1875 406 1887 ·
512 1864 685 1911 rogare
708 1850 981 1911 Scaevolam,
1000 1856 1056 1900 ut
1076 1850 1250 1900 abiret.

582 1922 604 1947 0
643 1914 770 1963 Velle
790 1930 863 1963 me
894 1917 957 1964 od
977 1915 1092 1963 vilia
1112 1916 1326 1978 quoedom
1359 1887 1576 1979 obsequia
1597 1913 1834 1976 dignitati
1868 1930 1982 1965 meoe
2002 1928 2172 1977 porum
2191 1913 2503 1975 congruentia
2531 1913 2712 1964 descen-

515 1980 643 2057 dere.
664 1978 912 2029 blanditiis
938 1981 1157 2044 poptdum
1184 1981 1428 2038 demereri,
1452 1982 1576 2047 quod
1595 1986 1721 2029 recte
1744 1980 1867 2046 fieri
1897 1996 1990 2030 non
2007 1983 2185 2045 posset,
2204 1979 2301 2027 nisi
2336 1980 2400 2028 od
2419 1979 2622 2043 ineptius
2643 1991 2712 2027 me

518 2046 1015 2174 ‘laudarem-suscipio
1036 2123 1174 2172 quam
1192 2108 1329 2160 times
1348 2111 1532 2176 culpam
1554 2126 1570 2159 :
1598 2109 1696 2159 scio
1718 2114 1768 2160 te
1787 2109 1913 2160 nihil
1931 2109 2358 2175 ineptesacturum-
2432 2079 2438 2084 ἱ

1442 2236 1801 2262 eeeeeeeeeoeo

514 2311 715 2361 misisse.
777 2312 793 2343 ⁶
817 2310 1061 2361 Attamen
1079 2314 1189 2376 jam
1223 2313 1457 2366 Gronov.
1491 2314 1771 2364 lectionem
1792 2313 2044 2379 promsisse
2065 2311 2340 2362 absurdam
2378 2325 2516 2374 esse,
2534 2319 2590 2361 et
2607 2328 2714 2377 pro-

516 2377 716 2441 misisse,
752 2378 888 2442 quod
922 2379 971 2426 ei
1008 2379 1124 2427 cod.
1159 2380 1439 2442 suggessit,
1477 2377 1802 2429 verissimum
1846 2388 1901 2429 et
1939 2378 2403 2428 commodissimum
2433 2378 2714 2440 judicarat.

517 2442 696 2508 Atque
720 2442 926 2493 Schntz.
950 2444 1227 2495 lectionem
1246 2444 1475 2508 promisse
1498 2445 1798 2510 improbans
1822 2445 2048 2495 reddidit
2070 2459 2100 2493 o
2121 2458 2194 2503 me
2215 2444 2291 2508 (h.
2316 2457 2364 2493 e.
2383 2458 2497 2493 mes
2512 2454 2719 2510 sponte,

519 2522 622 2556 non
645 2509 958 2558 admonitum
984 2511 1065 2558 vel
1089 2511 1352 2560 inductum
1386 2511 1451 2560 ab
1479 2511 1700 2577 aliqum)
1733 2511 1991 2574 promisse,·
2016 2510 2136 2571 jure
2178 2517 2350 2559 tamen
2374 2508 2581 2559 Pearcii
2604 2511 2715 2572 opi-

516 2575 741 2636 nionem,
763 2576 821 2624 de
844 2590 916 2624 me
946 2574 1237 2637 promisisse,
1274 2575 1464 2638 rejicit.
1531 2577 1696 2627 Codd.
1730 2577 1901 2625 Oxon.
1938 2575 1981 2623 Z
2008 2578 2045 2631 β
2065 2577 2093 2623 δ
2115 2592 2156 2635 e,
2183 2574 2453 2637 misisse
2476 2580 2533 2623 et
2563 2575 2716 2638 paulo

519 2645 637 2687 ante
659 2656 723 2688 ex
743 2647 981 2689 oratorum
1025 2640 1142 2691 loeo
1166 2641 1456 2704 togatorum]
1474 2656 1685 2703 numero,
1709 2656 1826 2708 quae
1849 2641 2005 2690 lectio
2026 2654 2091 2689 ex
2117 2640 2289 2702 glossa
2310 2647 2426 2688 orta
2440 2653 2557 2689 esse
2579 2642 2717 2692 vide-

517 2703 633 2753 tur-¹
668 2705 816 2753 Harl.
879 2712 895 2734 ‘
918 2642 1143 2756 Videtur
1165 2705 1442 2755 delendum
1466 2721 1577 2756 esse
1595 2721 1709 2766 non,
1745 2707 1839 2755 nisi
1876 2704 2003 2754 inud
2042 2705 2335 2754 anacoluthi
2363 2718 2608 2754 accurare
2634 2720 2717 2755 ve-

518 2768 617 2818 lis.'
648 2770 972 2819 Mathia—4
1003 2770 1090 2820 Sic
1126 2771 1276 2822 codd.
1314 2773 1425 2820 Eri.
1463 2775 1514 2820 1.
1547 2777 1596 2822 2.
1628 2770 1705 2834 (in
1744 2770 1927 2833 quibus
1964 2779 2135 2819 tamen
2172 2778 2255 2820 est
2287 2769 2501 2832 equidem
2524 2785 2618 2833 pro
2633 2786 2715 2834 pe-

515 2837 690 2898 terem)
723 2836 871 2883 Rom.
892 2835 1029 2886 Kob.
1054 2837 1260 2885 Schutz.
1282 2844 1356 2885 et.
1378 2836 1527 2886 Harl.
1567 2851 1665 2899 pro
1689 2838 1860 2900 vulgg.
1880 2835 2212 2897 magistratus.
2280 2835 2428 2892 Mox,
2459 2835 2636 2894 verba,
2667 2837 2720 2885 id

516 2903 620 2947 erat
652 2904 811 2962 petere
833 2899 1050 2948 blandius
1070 2932 1087 2948 .
1109 2933 1124 2950 .
1149 2901 1309 2967 „fieta
1332 2901 1578 2951 Gulieim.
1615 2902 1978 2964 circumsepsit
2016 2903 2181 2958 uncis,
2204 2905 2445 2964 tanquam
2484 2900 2721 2951 librario-

517 2979 651 3024 rum,
673 2966 821 3029 eique
844 2966 1199 3015 assentiuntur
1223 2966 1381 3016 Grut-
1402 2973 1457 3015 et
1479 2966 1797 3017 Wetzei.—-5
1834 2967 1980 3029 Mag.
2008 2965 2159 3015 Harl.
2178 2969 2229 3015 2.
2250 2965 2438 3014 Peerc.
2464 2966 2644 3016 Lamb.
2663 2973 2720 3016 et

518 3029 671 3087 Harl.
689 3045 788 3079 esse
808 3029 1042 3079 hominem
1063 3045 1206 3079 unum
1218 3046 1239 3087 ;
1263 3031 1369 3080 Eri.
1389 3035 1438 3081 2.
1459 3031 1522 3079 H
1522 3046 1610 3079 une
1629 3037 1784 3081 autem
1805 3046 1987 3094 semper
2007 3031 2216 3080 indicavi
2237 3030 2468 3080 hominem
2487 3046 2719 3082 unum.-

518 3097 553 3142 6
575 3092 756 3143 Gueif.
782 3099 830 3144 1.
866 3094 1081 3145 Schutz.
1104 3103 1158 3144 et
1184 3096 1333 3145 Harl.
1364 3111 1451 3158 ego
1472 3095 1802 3158 ineptumesse
1833 3111 1906 3146 me
1933 3096 2124 3144 minime
2133 3111 2155 3154 ,·
2177 3109 2328 3159 qnam
2364 3095 2491 3146 leet.
2533 3097 2720 3161 probat

519 3158 835 3222 Heusinger.
869 3159 935 3208 ad
966 3159 1075 3224 cie.
1117 3159 1184 3209 de
1220 3157 1373 3210 Offic.
1407 3174 1473 3211 11.
1508 3164 1592 3210 22.
1634 3161 1843 3224 ineptum
1875 3176 1948 3210 me
1987 3160 2160 3210 Oxou.
2205 3162 2271 3211 U.
2337 3160 2532 3209 Censor
2572 3162 2718 3225 Lips.

449 3252 464 3273 2
493 3223 684 3287 ¹malit,
727 3239 838 3286 ego,
864 3239 942 3274 me
992 3225 1202 3288 ineptum
1248 3240 1347 3274 esse
1401 3241 1466 3274 m.
1514 3226 1767 3276 velim—7
1815 3225 1899 3275 Ita
1936 3226 2093 3277 Joan.
2131 3228 2282 3288 ng.
2327 3225 2502 3275 Gonv.
2536 3226 2719 3291 Magd-

519 3287 670 3340 Hnri.
690 3292 741 3339 2.
764 3289 870 3338 Eri.
888 3293 935 3338 1.
960 3294 1008 3339 2.
1036 3291 1182 3339 Rom.
1205 3289 1344 3340 Καὶ).
1366 3289 1418 3339 id
1437 3293 1590 3354 ipsum
1615 3291 1770 3340 dicere
1792 3290 1964 3340 Oxou.
1988 3292 2036 3341 U
2051 3291 2152 3350 Ζδ,
2176 3289 2297 3356 (sed
2319 3289 2369 3339 in
2391 3292 2419 3339 δ
2439 3290 2649 3341 additur
2667 3291 2720 3342 ia

519 3367 551 3401 s
579 3368 775 3415 nupera
808 3354 1004 3418 mann.)
1030 3355 1201 3405 Oxou.
1222 3373 1266 3419 ε,
1296 3355 1453 3406 Grut.
1476 3364 1533 3406 et
1552 3356 1726 3420 vulgg.
1748 3364 1870 3406 ante
1895 3356 2122 3407 Ernesti.
2189 3356 2335 3413 Mox,
2356 3370 2596 3423 nunquam
2624 3371 2719 3408 non

524 3419 589 3468 sit
610 3419 819 3480 ineptum
843 3419 955 3470 Erl.
975 3425 1025 3468 2.

586 3483 727 3535 cn.
758 3497 895 3537 xxV.
952 3489 978 3534 1
1014 3486 1122 3536 Eri.
1144 3488 1190 3536 1.
1212 3484 1300 3536 Sic
1319 3485 1476 3549 igitur
1494 3484 1652 3549 inquit
1674 3482 1827 3535 sentio
1851 3485 2089 3546 Crassum
2119 3486 2231 3537 Eri.
2249 3488 2300 3536 2.
2323 3486 2577 3536 Pannart.
2595 3479 2716 3534 Val-

1512 3608 1727 3659 NOTAE

584 3703 605 3730 ¹·
626 3695 843 3747 Solebam
882 3697 937 3745 in
970 3695 1262 3759 prensando]
1313 3695 1379 3746 Id
1425 3698 1579 3761 paulo
1660 3698 1845 3763 Itaque
1880 3697 2098 3761 rogabat
2125 3711 2243 3746 enm
2266 3703 2325 3746 ut
2347 3711 2376 3747 a
2398 3709 2474 3759 se,
2496 3696 2615 3745 dum
2640 3696 2713 3746 in·

521 3773 684 3825 fusius
708 3774 940 3838 explicat
973 3776 1092 3826 Val.
1126 3776 1275 3825 Max.
1294 3775 1332 3824 l.
1356 3788 1435 3825 lv.
1457 3790 1504 3825 c.
1528 3781 1605 3841 5.ἱ
1660 3782 1797 3837 eptae
1823 3774 1896 3823 rei
1921 3774 2235 3834 deserviret,
2260 3771 2587 3823 discederet:
2611 3786 2712 3821 ma·

518 3851 533 3878 ‘
554 3853 889 3901 Consulatum
912 3858 1096 3914 petens
1118 3852 1177 3901 1..
1205 3852 1440 3908 Crassus,
1462 3866 1578 3901 cum
1618 3904 1627 3907 j
1651 3850 1821 3914 jorem
1868 3849 2233 3899 verecundiam
2279 3847 2549 3912 dignitatis
2592 3849 2711 3911 ejus,

520 3927 749 3976 omnium
780 3925 1170 3978 candidatorum
1204 3941 1347 3976 more
1384 3927 1579 3976 circum
1660 3940 1810 3990 qnam
1849 3923 2083 3975 candidae
2117 3932 2253 3989 toga
2287 3938 2394 3974 suae
2421 3931 2709 3988 respectum

520 3999 692 4053 forum
712 4003 933 4066 supplex
959 4003 1148 4067 populo
1172 4004 1248 4055 ire
1280 4010 1579 4067 cogeretur,
1661 3999 1856 4066 egen&

521 4091 782 4143 nunquam
818 4077 1007 4129 adduci
1044 4069 1327 4143 potuit‚'ut
1357 4078 1413 4128 id
1448 4094 1581 4143 prae-
1723 4086 1743 4113 ⁸
1774 4078 2043 4147 Naturam]
2079 4077 2308 4131 Consule*
2348 4084 2459 4128 not.
2476 4077 2540 4128 in
2575 4078 2604 4142 §
2635 4078 2713 4124 16.

521 4162 671 4202 sente
695 4153 763 4204 Q.
790 4154 1046 4220 Seaevola,
1080 4155 1383 4219 gravissimo
1418 4162 1473 4207 et
1497 4169 1582 4205 sa·-
1659 4154 1807 4220 hujus
1831 4153 1967 4206 libri·

522 4229 844 4296 pientissimo
868 4230 995 4293 viro,
1020 4244 1198 4285 socero
1221 4246 1334 4298 sno,
1355 4230 1582 4286 feceret.
