3020 4942
206 1071 214 1081 ,
291 1014 593 1078 simums·

989 356 1089 402 DE
1138 353 1520 412 marrona,
1570 353 1655 403 ιι.
1695 340 1804 405 63.

2322 333 2492 408 1071

290 496 556 565 catum³
605 497 760 563 duci
794 498 996 575 videt,
1042 505 1566 581 percunctatus²
1611 500 1730 574 ita,
1793 503 1814 535 ‘
1838 498 2088 579 Quanti
2133 502 2492 568 addictus?
2571 503 2574 504 ⁷

293 604 480 670 mille
530 597 955 667 nummum.'¹‘
1045 602 1119 666 Si
1159 601 1527 666 addidisset
1556 604 2109 680 tantummodo,-‘
2138 604 2376 669 Ducas
2415 607 2495 671 li-

292 707 463 787 cet3'
511 714 694 770 esset
724 705 892 769 illud
936 724 1136 786 genus
1177 703 1441 769 ridiculi
1470 710 1716 789 praeter
1743 706 2327 789 expectationem:
2372 709 2494 773 sed

293 810 455 894 quia
485 807 773 884 addidit,
796 811 840 841 “
861 806 1053 870 Nihil
1078 814 1097 852 ³
1142 805 1349 882 addo,
1381 806 1592 869 ducas
1622 792 1785 871 licet
1810 808 1847 871 :’

1894 807 2124 873 addito
2155 810 2494 891 ambiguo,

291 911 503 975 altero
535 930 773 992 genere
801 908 1091 985 ridiculi,
1128 908 1277 985 fuit,
1312 916 1393 972 ut
1421 909 1590 972 mihi*
1616 909 1884 992 quidem
1929 908 2216 988 videtur,
2265 913 2495 994 salsis'-

681 1011 843 1076 Hoc
870 1018 1010 1074 tum
1042 1018 1147 1075 est
1179 1012 1749 1089 venustissimum,
1782 1032 1932 1076 cum
1963 1013 2032 1075 in
2064 1013 2496 1084 altercatione

289 1116 606 1200 arripitur
640 1115 729 1178 ab
773 1114 1158 1178 adversario
1204 1107 1515 1193 verbum,
1547 1121 1618 1178 et
1661 1134 1747 1178 ex
1794 1134 1902 1192 eo,
1949 1123 2024 1180 ut
2068 1134 2110 1179 a
2140 1113 2382 1180 Catulo
2420 1119 2492 1181 in

289 1212 731 1301 Philippum,¹
773 1217 842 1279 in
871 1236 1031 1281 eum·
1047 1218 1267 1300 ipsum
1296 1217 1582 1298 aliquid,
1615 1218 1727 1300 qui
1763 1218 2130 1295 lacessivit,
2158 1216 2493 1301 infligitur.

204 1385 208 1389 Δ
285 1322 442 1387 256.
490 1321 625 1386 Sed
678 1340 831 1385 cum
878 1320 1071 1404 plura
1120 1319 1254 1384 sint
1294 1319 1598 1403 ambigui
1650 1339 1916 1403 genera,
1964 1319 2049 1384 de
2094 1322 2340 1403 quibus
2390 1331 2495 1388 est

278 1425 592 1489 doctrina
636 1422 947 1507 quaedam
995 1422 1348 1497 subtilion
1394 1421 1738 1486 attendere
1797 1432 1869 1486 et
1914 1423 2239 1507 aucupari
2287 1426 2493 1490 verba

282 1526 661 1610 oportebit:
723 1526 791 1588 in
849 1530 1033 1607 quo‚⁵
1080 1529 1154 1588 ut
1200 1542 1308 1601 ea,
1362 1544 1550 1606 quae>
1584 1524 1718 1587 sint
1774 1523 2134 1606 frigidiora,
2186 1527 2492 1604 vitemus,

268 1629 560 1709 (etenim
619 1627 998 1692 cavendum
1053 1633 1180 1700 est,
1240 1644 1324 1688 ne
1383 1625 1823 1690 arcessitum*
1867 1624 2118 1690 dictum
2169 1627 2493 1712 putetur‚)

283 1730 614 1815 permulta
645 1734 870 1794 tamen
917 1735 1115 1792 acute
1148 1727 1472 1792 dicemus.

925 1831 1116 1896 verbi
1147 1831 1702 1909 immutationem,
1737 1830 1920 1915 quod
1957 1831 2027 1894 in
2067 1831 2264 1897 litera
2304 1834 2486 1915 posi-

281 1834 493 1898 habet
536 1851 814 1917 parvam
839 1839 881 1866 ¹¹¹

352 2022 376 2055 ὗ
409 2023 628 2086 Longius
648 2024 916 2089 repetitam.

1568 1726 1865 1793 Alterum
1895 1747 2105 1809 genus
2150 1735 2276 1808 est,
2308 1732 2489 1826 quqd

1218 2111 1584 2139 come-‘'eoeee

351 2235 489 2284 cn».
523 2248 689 2284 Lxm·
767 2239 794 2283 1
837 2234 1043 2284 Novium
1084 2234 1293 2285 Schutz.
1331 2250 1362 2284 e
1396 2235 1705 2297 conjectura
1752 2237 2171 2287 Schneideri.—-2
2210 2239 2294 2288 Ita
2342 2240 2483 2304 conj.

281 2298 517 2349 Gronov.
550 2301 732 2355 videns,
751 2306 1057 2364 percontatur
1079 2300 1160 2349 ed.
1183 2316 1223 2349 s.
1253 2302 1287 2349 l.
1303 2310 1429 2350 eta.
1449 2302 1594 2350 Man.
1617 2302 1797 2352 Lamb.
1815 2302 2022 2352 Schutz.
2047 2313 2100 2354 et
2125 2304 2295 2353 Orell.
2337 2306 2487 2368 videt,

272 2370 584 2429 percontatur
614 2366 763 2416 Junt.
788 2366 933 2413 Crat.
938 2369 1033 2413 —3
1075 2366 1163 2413 Nil
1181 2365 1319 2413 solus
1344 2364 1562 2414 Schutz.
1566 2372 1660 2416 -4
1696 2368 1783 2417 Ita
1804 2369 2031 2417 correxit
2054 2370 2293 2429 Ernesti,
2330 2342 2487 2423 antei}

278 2430 552 2493 legebatur
575 2425 882 2481 salsissimus.
887 2435 981 2479 —5
1019 2429 1103 2479 Ita
1129 2430 1252 2480 Ald.
1274 2431 1426 2483 Junt.
1448 2431 1630 2482 Lamb.
1652 2433 1701 2482 in
1734 2433 1901 2499 quibus
1924 2429 2033 2484 Eri.
2061 2438 2107 2484 1.
2138 2441 2194 2485 et
2211 2435 2332 2486 edd.
2365 2443 2486 2487 ante

281 2496 512 2557 Aldum3
546 2497 595 2544 in
617 2497 785 2560 quibus
806 2501 876 2544 est
895 2498 946 2557 ψ.

1276 2592 1492 2643 No'rAE

265 2699 396 2762 ,ejus
431 2699 670 2763 sepulcro
701 2698 992 2763 impositum
1028 2696 1193 2747 refert
1216 2697 1337 2748 Gel-

278 2778 381 2825 lius
407 2778 442 2825 l.
468 2790 510 2825 1.
528 2791 576 2826 c.
597 2782 681 2827 24.

342 2850 363 2895 J
398 2853 496 2907 Qui
515 2852 802 2913 judicatum,
840 2849 950 2914 ξω]
985 2850 1218 2900 Videbat
1252 2851 1344 2900 ali-

266 2929 395 2993 ,quis
423 2916 542 2976 duci
565 2929 816 2977 bominem
843 2928 992 2977 alteri
1013 2926 1276 2976 addictum
1292 2928 1342 2975 iu

265 3005 604 3063 ‚sei-vitutem,
630 3005 734 3062 cui,
773 3019 889 3053 cum
929 3004 1173 3067 grandem
1209 3019 1343 3052 sum·

275 3095 415 3131 mam
449 3079 668 3129 deberet
689 3080 944 3142 pecuniae,
969 3079 1218 3129 solvendo
1242 3094 1345 3131 uon

272 3163 416 3206 erat.
484 3154 588 3208 Qui
623 3159 761 3204 enim
798 3170 902 3204 aere
938 3156 1108 3205 alieno
1146 3171 1343 3219 preme-

278 3233 491 3296 bantur,
512 3246 576 3280 ex
604 3234 717 3295 lege
750 3231 1023 3281 duodecim
1050 3233 1339 3283 tabularum

279 3308 662 3357 damnabantur
685 3315 743 3356 ut
758 3306 1063 3367 servitutem
1086 3310 1342 3360 servirent

266 3384 547 3445 creditori,
585 3385 751 3434 donec
796 3384 870 3432 illi
907 3381 1153 3433 fecissent
1196 3388 1339 3438 satis.

278 3462 450 3512 Petiit
471 3462 537 3510 ab
571 3462 632 3510 iis
665 3463 753 3525 qui
783 3461 1043 3511 ducebant
1065 3463 1340 3520 homiuem,

277 3548 530 3602 quantum
548 3539 644 3596 ,ine
669 3539 821 3587 miser
843 3537 1061 3587 deberet
1085 3555 1099 3588 ε
1132 3554 1341 3602 respon-

275 3616 471 3663 derunt
514 3614 655 3662 mille
700 3628 930 3663 nummos
982 3613 1198 3664 deberi:
1256 3615 1341 3664 ille

264 3704 397 3753 ‘cum
439 3688 710 3751 putaretur
743 3704 835 3737 eos
875 3702 1109 3737 nummos
1144 3699 1233 3739 aut
1255 3705 1339 3738 eo-

277 3781 392 3815 rnm
432 3775 630 3827 partem
665 3766 1039 3829 persoluturus,
1061 3774 1243 3816 contra
1267 3766 1337 3817 fe·

274 3841 369 3903 cit,
401 3839 639 3903 dixitque
663 3854 757 3902 per
783 3855 836 3888 se
861 3854 962 3889 non
986 3849 1124 3890 stare
1148 3842 1337 3905 quomi-

268 3932 375 3977 -nus
400 3915 580 3965 infelix
620 3917 670 3966 in
711 3917 1026 3980 ergastulum
1063 3916 1338 3968 duceretur

264 4002 334 4053 vet
359 3994 696 4043 addiceretur
724 3993 1018 4054 creditori:
1053 3994 1067 4021 ‘
1086 3994 1225 4042 Nihil
1249 3995 1336 4043 ad·

266 4072 368 4131 do,
412 4070 567 4119 ducas
601 4069 759 4118 licet.'
823 4070 927 4119 Ubi
973 4069 1130 4118 ‘nihil
1172 4069 1338 4120 addo'

275 4147 571 4210 ambiguum
594 4153 707 4194 est:
745 4145 867 4192 nihil
891 4145 1024 4194 addo
1058 4161 1122 4195 an
1154 4147 1334 4197 verbo·

277 4240 409 4288 rum,
427 4238 492 4274 an
517 4223 997 4287 pecuniaeuebitae?

1490 2696 1517 2730 Κ
1553 2698 1834 2766 Nummum]
1871 2701 2125 2751 Nummus
2159 2703 2269 2751 sive
2295 2709 2483 2752 sesterae

1427 2775 1530 2824 tius
1575 2789 1827 2833 nummus,
1870 2778 2005 2840 quod
2055 2780 2359 2828 vocabulum
2399 2781 2483 2828 vei

1425 2851 1578 2900 unico
1605 2852 1683 2899 vel
1708 2853 1969 2915 geminato
1992 2870 2040 2903 m
2067 2855 2227 2903 scribi
2251 2863 2481 2906 veterum
2525 2880 2535 2892 ·

1425 2928 1766 2975 monumentis
1787 2927 1970 2992 liquet,
1987 2936 2169 2993 quarta
2194 2944 2310 2992 pars
2326 2931 2484 2979 dena·

1428 3000 1489 3048 rii
1529 3001 1762 3061 Romani,
1792 3004 1972 3053 decem
2016 3006 2241 3054 denariis
2274 3012 2476 3055 nostra·

1426 3077 1565 3126 tibus
1605 3079 1917 3136 aestimatur,
1956 3087 2012 3130 ut
2042 3083 2239 3131 Budaeo
2281 3084 2476 3143 visum3

1427 3160 1485 3201 ut
1521 3156 1918 3213 recentioribus,
1942 3172 2054 3207 asse
2089 3173 2187 3207 uno
2217 3167 2280 3208 et
2310 3161 2483 3221 semis,
2539 3152 2542 3153 ⁷

1424 3230 1505 3277 vel
1532 3229 1688 3280 etiam
1714 3231 1910 3282 duobus
1929 3235 2269 3286 nostratibus.
2327 3238 2480 3286 Mille

1424 3320 1687 3356 nummum
1732 3309 1945 3360 conficit
1978 3312 2327 3375 quadraginta
2371 3323 2479 3364 tres

1422 3382 1582 3444 libras
1618 3394 1671 3432 et
1696 3386 1990 3448 quindecim
2018 3404 2154 3436 asses
2181 3390 2481 3453 Francicus,

1425 3461 1506 3507 vel
1549 3464 1880 3524 septuaginta
1917 3465 2140 3528 quinque
2182 3474 2272 3515 ant
2323 3468 2478 3515 etiam

1425 3545 1635 3586 centum
1659 3538 1836 3587 libras.
1903 3541 2035 3591 Quoe
2070 3555 2267 3589 summa
2301 3550 2358 3591 ut
2385 3541 2479 3591 flo-

1427 3622 1578 3662 rente
1615 3615 1798 3676 opibus
1836 3615 2017 3677 repub.
2043 3618 2210 3666 tenuis
2249 3627 2381 3673 erat,
2405 3621 2479 3667 ita

1421 3699 1545 3737 ante
1583 3691 1752 3740 Naevii
1777 3698 2012 3754 tempora
2042 3694 2336 3742 nonnullius
2370 3709 2475 3743 mo-

1419 3770 1580 3816 menti
1608 3768 1896 3819 videbatur.

1483 3845 1496 3880 ¹
1531 3849 1575 3895 A
1617 3847 1787 3896 Catulo
1814 3847 1868 3896 in
1908 3847 2201 3912 Philippum]
2235 3848 2370 3897 Vide
2392 3862 2474 3898 su·
2542 3904 2546 3908 ,

1420 3924 1647 3986 periotes
1677 3930 1820 3972 notas
1845 3923 1909 3972 ad
1934 3926 1962 3988 ξ
1984 3929 2097 3975 220.

1482 4006 1522 4032 ¹¹¹
1557 3999 1718 4049 Habet
1759 4014 1970 4061 parvam,
2007 4000 2115 4063 ssa]
2159 4000 2475 4051 Paronoma·

1418 4074 1544 4122 siam
1596 4074 1832 4124 adhibuit
1882 4077 2077 4126 Tullius
2132 4078 2328 4140 Philip.
2382 4090 2472 4128 11¹.

1418 4151 1432 4175 ‘
1459 4151 1538 4198 En
1586 4165 1677 4199 cur
1724 4151 1965 4215 magister
2003 4154 2115 4216 ejus
2153 4152 2364 4202 Antonii
2403 4168 2470 4204 ex

1417 4236 1620 4278 oratore
1655 4237 1825 4277 arator
1857 4225 2025 4283 tactus
2059 4229 2160 4280 sit.’
2236 4229 2472 4280 Adhibu-
