3020 4942
1050 357 1149 422 nn
1194 367 1582 438 murone,
1619 377 1696 423 ιι.
1738 362 1846 427 90.
1893 439 1900 446 .
2365 343 2535 430 112?

348 520 626 598 Antoni,
656 536 809 605 quae
841 527 995 586 sunt
1022 521 1225 604 longe
1257 539 1476 600 secu'S,
1507 523 1670 606 'quid
1700 523 1862 587 mihi
1904 523 1973 588 tu
2008 525 2283 590 tandem
2311 525 2530 601 hodie,

350 632 468 689 aut
496 626 804 709 cuiquam
834 626 1112 702 homini,
1158 625 1341 708 quod
1374 626 1512 690 dici
1546 628 1784 708 possit,
1819 626 2198 709 reliquisti'l
2289 628 2536 693 Dicam

348 728 525 791 enim
575 747 746 803 vere,
787 728 1175 791 amicissimi
1225 727 1551 801 homines,
1603 712 1785 811 quod
1824 729 2314 814 sentio:.saepe
2357 751 2483 813 ego
2509 716 2536 770 ὅ

347 828 586 894 doctos
609 829 909 895 homines
930 851 949 911 ;
971 830 1133 914 quid
1151 830 1305 894 dico
1326 850 1514 913 saepe
1536 830 1566 892 ‘l
1600 828 1797 895 immo
1816 845 2285 916 nonnunquam
2307 856 2321 895 :
2346 835 2535 918 saepe'

346 934 549 1013 enim,
574 935 691 1018 qui
719 933 957 1018 potui,
984 933 1102 1017 qui
1129 918 1308 1017 'puer
1352 935 1421 998 in
1465 929 1722 998 sorum'³
1771 930 2113 1011 venerim?
2141 956 2353 1019 neque
2381 937 2537 1002 inde

254 1037 257 1044 '
341 1056 638 1119 unquam
673 1037 950 1114 diutiuS,
982 1049 1181 1119 quam
1201 1036 1496 1119 quaestor
1524 1035 1842 1100 abfuerim
1866 1035 1936 1099 ’.Μ’
1964 1037 2082 1099 sed
2106 1043 2325 1100 tamen
2350 1039 2538 1103 audi·

345 1139 437 1215 vi,-
478 1145 551 1204 ut
592 1139 730 1204 heri
782 1139 1117 1216 dicebam,
1160 1127 1235 1203 et
1275 1136 1563 1204 Athenis
1607 1159 1762 1203 cum
1810 1149 2056 1216 essem,
2103 1138 2533 1218 doctissimos

343 1243 547 1317 viros,
570 1248 645 1308 et
671 1244 740 1307 in
762 1242 936 1306 Asia
952 1231 1164 1306 ‘istum
1196 1244 1416 1324 ipsum
1440 1242 1796 1325 Scepsium
1813 1248 1845 1289 ⁴
1873 1240 2355 1318 Metrodorum,
2379 1247 2537 1309 euni

342 1346 430 1409 de
458 1346 564 1409 his
603 1345 777 1429 ipsis
821 1346 1023 1409 rebus
1071 1346 1490 1428 disputaret:
1539 1364 1757 1428 neque
1800 1364 1957 1408 vero
1986 1345 2151 1408 mihi
2181 1346 2536 1430 quisquam

341 1448 1022 1531 copiosiusssunquam
1051 1449 1239 1526 visus
1263 1456 1394 1528 est,
1424 1468 1642 1530 neque
1676 1448 1993 1512 subtilius
2024 1448 2093 1511 in
2124 1447 2253 1512 hoc
2297 1468 2537 1529 genere
2631 1521 2633 1525 μ

342 1550 631 1627 dicendi,
662 1570 857 1634 quam
882 1551 1006 1614 iste
1028 1548 1246 1628 hodie,
1276 1566 1426 1614 esse
1454 1557 1794 1615 versatus:
1825 1550 2002 1633 quod
2028 1551 2086 1614 si
2108 1558 2297 1614 esset
2322 1551 2537 1627 aliter,

342 1647 414 1717 'et
465 1652 724 1736 aliquid
789 1653 1223 1735 intelligerem
1289 1654 1405 1717 ab
1437 1653 1739 1718 Antonio
1797 1654 2341 1737 praetermissum,
2403 1663 2539 1718 non

340 1772 555 1815 essem
602 1760 737 1815 tam
779 1740 1166 1828 inurbanuS,
1194 1772 1276 1816 ac
1308 1761 1547 1836 paene⁵
1595 1751 2015 1823 inhumanus,
2050 1752 2154 1816 uti
2185 1771 2269 1815 eo
2302 1763 2537 1835 grava-'-

339 1849 493 1933 rer-,1
519 1854 699 1939 quod
745 1853 875 1918 vos
905 1874 1154 1937 cupere
1186 1856 1519 1920 sentirem.
1610 1854 1778 1936 366„
1807 1854 1983 1919 Tum
2015 1854 2385 1938 SulpiciuS,
2424 1853 2536 1919 An

340 1965 521 2039 ergo,
552 1957 790 2040 inquit,
822 1958 1071 2021 oblitus
1093 1977 1191 2035 eS,
1225 1956 1495 2030 Crasse,
1527 1958 1886 2028 Antonium
1912 1958 2010 2022 ita
2031 1957 2348 2040 partitum
2380 1976 2534 2022 esse

336 2055 574 2134 tecum,
604 2066 681 2123 ut
709 2060 856 2144 ipse
883 2056 1430 2124 instrumentumi
1475 2060 1759 2124 oratoris
1809 2064 2198 2141 exponeret,
2232 2059 2355 2122 tibi
2384 2059 2534 2141 ejus

333 2163 827 2250 distinctionem
862 2168 1066 2246 atque
1098 2161 1454 2227 ornatum⁶
1483 2163 1923 2245 relinqu'eret't
2016 2160 2164 2225 Hic
2209 2160 2341 2238 ille,
2386 2159 2535 2225 Pri-

334 2284 542 2342 mum,
574 2267 727 2349 quis
771 2263 1070 2329 Antonio
1120 2253 1448 2349 permisit,
1500 2266 1740 2348 inquit,
1787 2272 1862 2330 ut
1893 2270 1961 2329 et
1988 2270 2216 2347 partes
2257 2262 2532 2341 faceret,

258 2403 264 2410 ·
332 2373 422 2443 et,
447 2357 712 2430 utram⁷
739 2366 958 2443 vellet,
1013 2368 1193 2449 prior
1223 2370 1369 2451 ipse
1409 2357 1749 2431 sumeret?
1798 2366 2061 2439 deinde,
2100 2366 2159 2429 si
2188 2385 2309 2447 ego
2348 2377 2531 2429 recte

331 2468 654 2544 intellexi,
704 2489 852 2534 cum
898 2469 1095 2535 valde
1141 2469 1427 2534 libenter
1470 2461 1788 2555 audirem,
1833 2467 1991 2532 mihi
2038 2467 2385 2550 conjuncte
2427 2478 2533 2531 est

337 2574 519 2636 visus
563 2571 647 2636 de
676 2579 957 2654 utraque
992 2591 1058 2634 re
1087 2572 1330 2636 dicere.
1418 2571 1549 2635 Ille
1580 2592 1764 2647 vero,
1813 2571 2031 2654 inquit
2075 2568 2311 2645 Cotta,
2338 2584 2530 2634 orna-

331 2681 562 2738 menta
591 2675 916 2739 orationis
946 2694 1078 2738 non
1103 2674 1346 2756 attigit,
1375 2693 1593 2757 neque
1624 2692 1773 2737 eam
1792 2671 2085 2747 laudem,
2111 2691 2199 2734 ex
2232 2690 2367 2755 qua
2394 2672 2530 2736 elo-

393 2904 418 2930 ⁶
453 2898 559 2952 Quo
575 2897 701 2947 enim
720 2899 854 2947 modo
870 2899 1124 2959 potuissem
1145 2898 1254 2947 illos
1272 2913 1397 2962 ηερε
1418 2899 1588 2948 audire
1610 2898 1757 2947 otiose
1777 2897 2073 2959 disputantes
2092 2896 2151 2944 de
2171 2900 2279 2945 arte
2301 2892 2530 2952 oratoria,

331 2977 440 3010 cum
448 2962 728 3020 forensibus
747 2963 904 3013 causis
924 2970 972 3012 et
994 2964 1203 3025 negotiis
1223 2968 1470 3027 occupatus
1491 2960 1896 3026 sempev-fuerim?

390 3034 422 3070 Ρ
458 3028 614 3082 Quam
634 3044 722 3092 quo
744 3034 950 3092 tempore
972 3034 1180 3092 quaestor
1189 3027 1292 3089 fui.
1617 3036 1641 3069 ⁹
1675 3027 1909 3104 Idfacere
1932 3027 2117 3076 nollem.

1246 3173 1609 3193 Oeoeeeeae‘oee

329 3280 440 3328 Erl.
465 3283 507 3327 1.
571 3277 722 3339 Mox,
742 3279 876 3328 valde
897 3294 1030 3328 secus
1050 3279 1230 3330 Guelf.
1256 3286 1302 3330 l.
1328 3291 1382 3331 et
1405 3283 1513 3330 Erl.
1536 3286 1581 3330 1.
1647 3281 1778 3329 Tum
1815 3279 1866 3328 in
1895 3278 2096 3339 iisdem,
2125 3275 2241 3339 quid
2271 3274 2390 3323 milri
2422 3279 2528 3322 tan·

254 3344 257 3345 ⁷
327 3345 452 3403 dem,
476 3343 664 3392 omisso
689 3346 985 3404 pronomine
1012 3349 1081 3392 tu.
1149 3347 1388 3407 Denique
1411 3347 1630 3408 quiquam
1653 3345 1832 3393 homini
1857 3344 1966 3393 Erl.
1991 3347 2037 3391 1.
2092 3340 2271 3391 Ιιοηιίηἰ
2292 3339 2442 3388 deest
2474 3339 2527 3386 in

331 3407 508 3458 Guelf.
540 3413 590 3458 2.
637 3407 735 3456 dici
762 3415 916 3470 posset
961 3410 1109 3458 malit
1143 3401 1449 3460 Hales—2
1485 3412 1778 3458 Pronomen
1820 3423 1908 3468 ego
1952 3407 2102 3457 deest
2146 3407 2199 3453 in
2235 3406 2343 3454 Erl.
2381 3408 2428 3455 1.
2470 3414 2527 3452 et

329 3473 503 3523 Guelf.
527 3477 574 3523 l.
641 3473 789 3532 Mox,
809 3474 948 3522 immo
969 3488 1206 3536 nunquam
1228 3473 1406 3525 Guelf.
1431 3479 1478 3523 1.
1530 3475 1670 3524 immo
1690 3489 1800 3523 vero
1820 3487 2057 3534 nunquam
2078 3468 2258 3520 Guelf.
2280 3474 2328 3517 3.
2354 3471 2421 3517 al.
2444 3484 2528 3532 ap,

329 3539 496 3587 Orell.
518 3536 700 3600 Steph.
726 3538 1003 3589 Lamb.-3
1039 3540 1145 3587 Erl.
1171 3545 1217 3590 1.
1237 3541 1406 3604 quique
1432 3541 1677 3598 insonum,
1698 3539 1887 3586 omisso
1906 3552 2039 3600 puer.
2106 3534 2316 3589 Mem-in
2341 3534 2524 3595 eodem

326 3618 413 3652 neo
433 3603 559 3651 inde.
623 3602 774 3662 Tum,
796 3609 984 3666 questor
1015 3603 1238 3667 affuerim
1262 3607 1368 3654 Erl.
1393 3610 1440 3653 1.
1465 3615 1520 3653 et
1547 3600 1723 3665 Guelf.
1747 3609 1789 3651 1.
1811 3606 1962 3651 2.--4
1994 3600 2116 3650 Asia
2137 3600 2290 3662 ipsum
2307 3598 2527 3661 Sepsium

329 3667 507 3719 Guelf.
528 3672 578 3716 2.
644 3669 790 3723 Mox,
811 3670 870 3716 de
885 3669 960 3717 his
980 3668 1090 3716 istis
1109 3670 1246 3718 rebus
1268 3672 1371 3719 Erl.
1395 3674 1540 3718 1.—5
1579 3669 1686 3717 Erl.
1713 3672 1757 3716 1.
1779 3674 1826 3716 et
1845 3681 1978 3729 pene.
2024 3665 2173 3715 Idem
2198 3662 2362 3712 codex
2385 3678 2526 3725 mox,

328 3732 508 3804 Guelf.
536 3737 579 3780 1.
615 3742 670 3780 et
703 3747 792 3781 sex
827 3747 911 3795 ap.
946 3734 1129 3781 Pearc.
1161 3741 1216 3782 ut
1251 3736 1303 3783 in
1336 3751 1388 3784 eo
1414 3750 1676 3797 gravarem
1711 3731 1889 3782 Guelf.
1914 3737 1963 3781 2.
1995 3731 2069 3780 uti
2097 3744 2183 3791 ego
2211 3743 2528 3790 putarer.—

327 3803 361 3859 β
382 3798 502 3851 Eri.
530 3802 573 3846 1.
592 3807 646 3845 et
670 3796 851 3847 Guelf.
877 3802 923 3846 l.
947 3803 1090 3860 aeque
1109 3803 1507 3849 exornatum.--7
1542 3799 1754 3849 Omnib.
1778 3803 1830 3847 ιιι
1850 3802 2011 3861 partes
2032 3794 2236 3855 faceret,
2256 3799 2309 3842 ut
2332 3797 2490 3841 utram
2503 3809 2524 3849 ,-

326 3864 437 3913 Erl.
458 3867 506 3912 1.
545 3863 699 3925 inquit
730 3864 824 3912 mei
855 3869 1018 3926 partes
1035 3862 1216 3927 facere,
1250 3865 1450 3915 omissis
1476 3878 1622 3914 voce.
1644 3871 1693 3914 et
1720 3869 1878 3912 utram
1897 3878 1945 3912 v.
1962 3877 2013 3924 p.
2032 3861 2069 3908 i.
2091 3864 2313 3909 sumeret.
2377 3858 2525 3914 Mox,

1311 4016 1532 4067 NOTAE

389 4121 819 4186 unm-amentum]
838 4122 1253 4172 Instrumentum
1269 4137 1381 4172 ora·
1464 4122 1605 4172 dum.
1672 4121 1809 4170 Haec
1841 4119 1940 4169 sibi
1974 4123 2228 4167 sumserat
2262 4115 2520 4166 Antonius

248 4206 251 4209 “
324 4202 455 4249 toris
478 4201 560 4248 hic
594 4207 809 4250 vocatur
847 4200 982 4263 quod
1017 4199 1295 4249 adhibetur
1317 4200 1382 4248 sd
1465 4198 1788 4263 explicanda,
1831 4211 1945 4261 quae
1989 4195 2176 4244 Crasso
2214 4192 2523 4257 expolienda

314 4278 636 4341 docendum,
664 4277 1062 4335 conciliandum,
1099 4284 1155 4327 et
1177 4291 1385 4327 moven-
1466 4284 1523 4326 et
1542 4272 1843 4325 exornanda
1865 4271 2167 4335 reliquerat.
