3020 4942
529 336 659 402 870
1302 352 1384 399 Μ.
1427 352 1499 402 Τ.
1543 351 1943 402 emenonis

531 494 883 574 accedunt,
914 503 987 561 et
1030 496 1100 560 in
1130 496 1541 563 exordienda
1560 506 1587 545 3
1633 499 1938 563 oratione
1968 498 2499 581 perturbantur,w
2529 516 2713 581 paene

529 598 950 682 impudentes
1009 598 1310 664 videntur
1341 621 1358 665 ε
1431 601 1700 665 tametsi
1756 600 1827 664 id
1888 599 2190 665 accidere
2248 619 2383 684 nonr
2442 606 2719 683 potest!

529 699 680 763 120.
745 699 843 764 Ut
887 701 1059 765 enim
1109 702 1398 785 quisque
1443 703 1697 786 optime
1744 702 1933 781 dicit,
1979 703 2073 767 ita
2116 694 2410 766 maxime
2457 701 2714 766 dicendi

530 800 1008 879 difficultatem,
1070 806 1426 889 variosque
1486 815 1766 870 eventus
1797 814 1822 841 ⁸
1885 806 2232 883 orationiS,
2295 804 2714 888 expectatio·

527 924 816 988 nemque
845 905 1185 971 hominum
1217 909 1646 992 pertimescit.
1683 908 1947 992 [p.95.]
1971 907 2110 987 Qui
2135 927 2296 973 vero
2315 907 2478 971 nihil
2497 912 2715 991 potest

531 1001 802 1088 dignum
817 1027 908 1085 re,
922 1008 1193 1091 dignum
1211 1011 1471 1074 nomine
1486 1010 1791 1086 oratoriS‚
1811 1009 2079 1092 dignum
2097 1010 2437 1088 hominum
2446 1010 2716 1073 auribus

528 1107 787 1174 efficere
821 1117 1023 1194 atque
1053 1110 1275 1188 edere,
1293 1112 1356 1175 is
1385 1112 1546 1176 mihi
1575 1111 1839 1176 etiamsi
1869 1118 2322 1177 commovetur
2343 1110 2372 1150 ⁶
2403 1112 2470 1176 in
2497 1111 2714 1175 dicen-

530 1211 642 1289 do,
689 1218 910 1278 tamen
967 1214 1319 1297 impudens
1373 1213 1655 1280 videtur.
1744 1214 1904 1280 Non
1960 1214 2136 1279 enim
2186 1213 2553 1298 pudendo,⁹
2584 1214 2716 1277 *sed

528 1331 664 1378 non
693 1314 1001 1381 faciendo
1032 1316 1122 1391 id,
1175 1309 1364 1400 quod
1399 1335 1533 1383 non
1564 1317 1783 1397 decet,
1813 1317 2249 1401 impudentiae
2283 1336 2523 1380 nomen
2556 1317 2716 1381 effu-

527 1434 681 1496 gere
737 1416 1100 1481 debemus!
1185 1418 1335 1483 121.
1383 1417 1605 1497 Quem
1653 1439 1813 1485 vero
1854 1439 1983 1484 non
2030 1418 2239 1503 pudet
2282 1419 2381 1499 (id
2420 1420 2601 1504 quod
2650 1420 2717 1483 in

526 1517 869 1602 plerisque
899 1517 1139 1604 video)
1166 1520 1340 1585 hunc
1372 1541 1494 1603 ego
1530 1541 1664 1587 non
1710 1521 2221 1604 reprehensione
2249 1533 2269 1559 ⁸
2307 1521 2552 1599 solum,
2598 1522 2717 1585 sed

526 1619 725 1683 etiam
758 1628 1003 1703 poena‘
1048 1622 1320 1706 dignum
1360 1632 1551 1707 puto.
1642 1622 1967 1707 Equidem
1998 1632 2068 1690 et
2096 1624 2165 1687 in
2198 1625 2393 1689 vobis
2425 1624 2715 1689 animad-

524 1730 795 1786 vertere
815 1724 1023 1803 soleo,
1055 1730 1122 1789 et
1150 1726 1218 1789 in
1249 1745 1354 1789 rne
1383 1726 1537 1808 ipso
1559 1728 1584 1770 ⁷
1628 1727 2009 1811 saepissime
2047 1726 2383 1814 experior,
2424 1732 2496 1791 ut
2532 1727 2718 1790 exal-

526 1822 807 1887 bescam
829 1835 859 1862 ¹‘
903 1826 970 1889 in
1007 1826 1358 1909 principiis
1400 1826 1689 1905 dicendi,
1719 1835 1793 1894 et
1830 1833 1972 1894 tota
2000 1836 2242 1905 mente,
2274 1836 2475 1915 atque
2510 1830 2717 1892 omni-

524 1925 655 1988 bus
678 1927 956 1992 artubus
987 1930 1521 2006 contremiscam.
1612 1931 2170 1997 Adulescentulus
2208 1950 2363 1996 vero
2390 1932 2492 1996 sic
2526 1930 2715 1995 initio

527 2027 981 2093 accusationis
1011 2032 1434 2096 exanimatus
1464 2050 1638 2112 sum,
1668 2041 1747 2099 ut
1790 2035 1916 2099 hoc
1961 2053 2292 2099 summum
2321 2033 2718 2120 beneficium

582 2236 612 2268 P
649 2229 878 2285 Quamvis
903 2228 1084 2294 idfieri
1102 2246 1195 2279 non
1216 2231 1382 2294 possit,
1404 2235 1478 2293 ut,
1506 2233 1590 2295 qui
1619 2233 1792 2295 optime
1811 2233 1949 2298 dicit,
1968 2233 2022 2283 in
2042 2234 2239 2284 exordio
2259 2249 2353 2285 non
2370 2234 2687 2298 perturbetur.

586 2302 610 2335 9
652 2294 884 2343 Pudor-em
908 2298 1225 2345 tantummodo
1246 2313 1303 2345 ac
1323 2302 1499 2345 metum
1521 2299 1848 2361 significando.

586 2365 610 2389 ⁷
648 2358 821 2408 Facere
845 2360 1081 2420 debemus,
1098 2377 1157 2410 ne
1177 2362 1423 2411 videamur
1442 2378 1500 2411 ac
1520 2364 1733 2411 dicamur
1747 2364 2058 2428 impudentes.

584 2429 605 2454 ⁸
642 2424 763 2480 Quoe
778 2440 919 2488 poena
939 2431 1011 2475 est
1032 2426 1195 2477 animi.
1427 2429 1444 2460 ⁸
1483 2428 1729 2491 Corporis.
1920 2436 1949 2462 ⁸
1980 2421 2191 2480 Pullore.

1440 2570 1804 2594 oeeeeeoeMO

521 2670 674 2721 Harl.
713 2671 794 2734 qui
829 2686 968 2734 quam
1005 2673 1176 2735 optime
1189 2689 1208 2730 ,-
1240 2674 1351 2723 Erl.
1391 2679 1438 2724 1.
1476 2680 1527 2724 2.
1563 2689 1743 2738 quoque
1779 2673 2069 2736 optima—6
2100 2673 2203 2735 ste,
2225 2673 2376 2724 Rom.
2416 2673 2562 2723 Kob.
2601 2673 2721 2722 ΑΜ.

520 2736 708 2785 Pearc.
742 2737 950 2785 Selintz.
986 2747 1041 2786 et
1074 2738 1222 2787 Harl.
1255 2739 1482 2788 ordienda
1518 2740 1623 2791 Eri.
1650 2745 1694 2788 1.
1716 2744 1765 2788 2.
1789 2739 2020 2790 Gronov.
2087 2739 2192 2788 Pro
2224 2740 2469 2797 accedunt,
2492 2737 2667 2788 Oxou.
2690 2758 2721 2787 α

520 2801 678 2850 habet
701 2803 950 2859 accedant.
1011 2803 1138 2852 Turn
1173 2804 1339 2853 statim
1357 2805 1693 2868 perturbentur
1718 2804 1892 2853 Oxon.
1914 2822 1956 2852 ε.
1998 2805 2052 2853 id
2078 2820 2170 2854 non
2199 2805 2412 2853 accidere
2443 2818 2537 2852 non
2563 2809 2721 2866 potent

520 2866 764 2915 Mam—6
799 2867 884 2916 Ita
910 2867 1018 2915 Eri.
1040 2872 1087 2916 l.
1111 2871 1159 2916 2.
1182 2878 1236 2916 at
1259 2875 1603 2918 commoveatur
1625 2867 1796 2918 Oxou.
1817 2871 1861 2926 δ,
1885 2870 2035 2919 Rom.
2055 2869 2192 2919 Kob.
2209 2868 2290 2917 W.
2310 2877 2366 2919 et
2387 2877 2581 2916 ceterae
2602 2868 2718 2917 edd.

523 2941 647 2981 ante
673 2930 794 2981 Ald.
832 2940 1194 2982 commoveretur
1215 2933 1388 2982 Oxou.
1411 2934 1570 2983 Ζ.-7
1608 2935 1792 2983 Pearc.
1813 2936 1863 2983 in
1886 2934 1971 2982 ed.
1990 2939 2038 2984 2.
2060 2935 2113 2983 in
2132 2949 2205 2984 me
2224 2934 2339 2995 ipse.
2382 2932 2553 2981 Paulo
2579 2943 2731 2989 ante..

518 2998 728 3046 animum
758 2997 1020 3052 advertere,
1056 3011 1151 3060 pro
1188 3000 1574 3062 animadvertere,
1615 2999 1722 3048 Eri.
1747 3004 1793 3048 l.
1815 3004 1863 3049 2.
1885 2998 2061 3050 Oxou.
2085 2999 2153 3049 U.
2220 2998 2368 3059 Mox,
2392 3013 2488 3062 pro
2508 2999 2718 3049 exalbes-

1515 3143 1733 3194 No‘rAE

587 3249 618 3272 '⁷
657 3237 1030 3301 Pei-turbantur]
1079 3238 1141 3288 Id
1165 3238 1232 3288 de
1265 3255 1322 3288 se
1356 3240 1466 3304 ipse
1489 3241 1575 3291 Ci-
1657 3242 1783 3291 mihi
1807 3238 1994 3292 afferat
2016 3240 2081 3290 nd
2104 3242 2323 3291 salutem
2348 3242 2484 3305 regis
2501 3242 2717 3292 Deiota·

521 3333 643 3368 cero
685 3316 879 3364 fatetur
922 3324 1049 3364 orat.
1088 3317 1138 3363 in
1178 3316 1243 3368 Q.
1288 3317 1576 3376 Caecilium,
1657 3319 1701 3367 ri
1745 3317 2146 3375 defendendam,
2191 3325 2391 3368 tentum
2448 3317 2715 3368 facultatis

521 3409 635 3459 quae
689 3391 952 3441 Divinatio
989 3391 1211 3442 dicitur:
1256 3400 1271 3422 ‘
1303 3394 1389 3443 Ita
1430 3377 1574 3444 'Deos
1658 3397 1810 3445 timor
1833 3394 2114 3444 detrahat?

518 3471 641 3520 mihi
685 3469 836 3518 veiim
884 3468 1155 3532 propitioS,
1188 3476 1265 3527 ut,
1301 3484 1415 3520 cum
1441 3472 1577 3521 illius
1720 3479 1747 3505 ¹
1787 3471 1957 3522 Varios
1991 3471 2207 3535 eventus]
2242 3471 2328 3521 Ita
2351 3466 2715 3536 nonnunquam

481 3590 498 3602 s
519 3545 625 3595 diei
649 3545 770 3594 mihi
808 3544 949 3593 venit
984 3545 1036 3594 in
1070 3552 1315 3601 mentem,
1347 3562 1449 3611 quo
1472 3548 1575 3603 die,

518 3625 683 3675 citato
700 3637 810 3686 reo,
830 3622 955 3671 mihi
974 3622 1249 3672 dicendum
1274 3625 1359 3681 sit,
1376 3614 1475 3673 non
1496 3640 1574 3674 so·

516 3703 622 3752 lum
647 3713 973 3749 commoveor
995 3700 1180 3758 animo,
1204 3698 1294 3747 sed
1316 3700 1469 3749 etiam
1499 3710 1576 3751 to-

517 3786 575 3829 to
590 3790 809 3841 corpore
830 3772 1195 3839 perhorresco!
1229 3775 1296 3822 Et
1314 3789 1405 3836 pro
1421 3776 1576 3825 Deio-

518 3863 668 3905 taro:
706 3853 867 3902 ‘Cum
902 3852 954 3900 in
989 3850 1223 3899 omnibus
1258 3852 1427 3900 causis
1462 3868 1576 3916 gra-

518 3931 748 3982 vioribus
806 3929 952 3978 initio
990 3926 1204 3977 dicendi
1262 3932 1576 3980 commoveri

518 4011 712 4058 soleam
758 4005 1135 4068 vehementius,
1174 4018 1326 4069 quam
1370 4006 1576 4056 videtur

517 4085 602 4132 vel
643 4097 779 4144 usus,
822 4082 907 4131 vel
951 4089 1081 4132 aetas
1119 4095 1234 4130 mea
1273 4085 1575 4147 postulare3

518 4167 627 4211 tum
650 4159 704 4206 in
734 4158 829 4206 hac
864 4171 1014 4207 causa
1051 4157 1125 4206 ita
1159 4173 1240 4207 me
1275 4162 1434 4208 multa
1459 4164 1595 4223 ρετ-ἑ

521 4237 754 4298 turbant,
769 4241 840 4321 'ut
861 4242 1106 4300 quantum
1131 4248 1245 4284 mea
1263 4235 1393 4286 fides
1414 4237 1574 4288 studii

1658 3548 2034 3611 perturbantur
2071 3548 2268 3612 egregii
2301 3557 2556 3608 oratores,
2582 3550 2716 3598 utin

1658 3624 1878 3674 dicendo
1904 3625 2152 3675 haereant.
2224 3624 2716 3675 Obmutuit·Demo·

1658 3701 1866 3751 sthenes
1904 3710 2161 3766 praesente
2191 3702 2436 3767 Philippo
2471 3702 2715 3753 Macedo-

1655 3792 1777 3827 num
1819 3794 1942 3842 rege
1968 3794 1982 3828 τ
2028 3778 2283 3830 obmutuit
2324 3780 2713 3843 Theophrastus

1655 3855 1794 3916 apud
1827 3854 2175 3905 Athenienses
2203 3854 2492 3905 orationem
2518 3856 2713 3905 habitu-

1657 3945 1759 3980 rus.
1826 3932 2009 3981 Cicero
2034 3934 2163 3997 ipse.
2188 3939 2444 3997 exceptus
2465 3934 2712 3982 acclama-

1658 4008 1797 4057 tione
1820 4008 2205 4065 Clodianorum,
2228 4016 2288 4058 ut
2312 4009 2477 4058 refert
2502 4009 2713 4058 Asconi-

1657 4098 1738 4145 us,
1761 4098 1864 4132 non
1898 4100 1978 4149 ea,
1998 4099 2096 4150 qua
2118 4086 2297 4135 solitus
2319 4092 2457 4148 eret,
2481 4091 2711 4137 constan·

1658 4163 1731 4213 tia
1756 4160 1905 4211 dixit.
2357 4172 2366 4178 ·
