3020 4942
514 349 647 420 874
1282 366 1360 415 Μ.
1407 366 1477 414 τ.
1525 365 1926 415 crcssnoms

518 531 674 578 cum
714 528 976 580 summa
998 515 1343 576 venustate
1374 510 1546 575 fiat?
1592 511 1758 575 nihil
1787 512 1914 574 nisi
1954 511 2073 587 ita,
2103 513 2181 574 ut
2200 508 2455 589 deceat,
2489 514 2559 576 et
2599 510 2699 576 uti

520 633 752 679 omnes
769 619 1036 678 moveat
1053 621 1253 698 atque
1275 613 1602 678 delectet?
1658 614 1896 696 Itaque
1923 613 2048 677 hoc
2061 612 2325 706 Jamdiu
2341 620 2447 678 est
2469 632 2698 679 conse-

520 723 740 792 cutuS,
797 720 895 791 ut,
942 692 1009 779 in
1059 735 1193 799 quo
1240 715 1530 800 quisque
1582 715 1873 780 artificio
1926 716 2307 794 excelleret,
2355 716 2415 780 is
2463 717 2533 780 in
2579 737 2700 781 suo

520 826 803 900 genere⁷
848 816 1146 883 Roscius
1185 817 1533 882 diceretur.
1621 818 1822 883 Hanc
1869 838 1994 901 ego
2027 819 2517 898 absolutionem
2550 838 2701 902 per·

517 919 1013 1002 fectionemque
1034 920 1103 982 in
1131 924 1384 984 oratore
1406 918 1812 997 desiderans,
1834 941 1877 985 a
1902 940 2040 1005 qua
2062 926 2205 1005 ipse
2223 922 2427 1004 longe
2440 923 2699 998 absum,

517 1021 698 1087 facio
746 1022 1208 1105 impudenter:
1270 1022 1436 1086 mihi
1479 1024 1655 1087 enim
1700 1025 1860 1088 volo
1911 1025 2194 1107 ignosci,
2261 1025 2504 1090 ceteris
2554 1024 2741 1106 ipse·

519 1144 653 1189 non
712 1123 1048 1207 ignosco!
1138 1124 1318 1188 Nam
1374 1122 1540 1208 qui⁸
1581 1146 1714 1189 non
1767 1132 2009 1209 potest,
2062 1127 2180 1211 qui
2225 1127 2470 1190 vitiose
2512 1126 2698 1201 facit,

521 1245 724 1338 quem
771 1227 1054 1310 denique
1086 1245 1215 1290 non
1245 1226 1466 1302 decet,
1498 1227 1671 1291 hunc
1717 1230 1824 1303 (ut
1857 1226 2258 1310 Apollonius
2284 1213 2592 1311 jubebat)
2621 1228 2702 1291 ad

518 1328 635 1404 id,·‘
676 1328 853 1412 quod
883 1328 1102 1392 facere
1134 1330 1368 1410 possit,
1396 1327 1882 1393 detrudendum
1917 1337 2101 1413 puto.

606 1432 1041 1502 xxix-131.
1088 1431 1267 1496 Num
1314 1438 1380 1495 tu
1431 1434 1681 1514 igitur,¹
1738 1433 1958 1516 inquit
2004 1431 2376 1515 Sulpicius„
2423 1452 2554 1511 me,
2585 1441 2703 1496 aut

518 1537 693 1608 hunc
714 1533 1051 1611 Cottam,
1021 1553 1139 1618 Jus
1169 1531 1423 1610 civile,‘¹
1468 1542 1587 1599 aut
1615 1554 1749 1598 rem
1782 1525 2128 1599 militarem
2152 1535 2359 1618 jubes
2392 1536 2700 1599 discere?

520 1658 676 1703 nam
706 1640 857 1723 quis
887 1638 971 1702 ad
1016 1638 1146 1701 ista
1192 1656 1476 1713 summa,
1522 1642 1724 1720 atque
1767 1638 1837 1700 in
1877 1638 2060 1701 omni
2108 1657 2343 1719 genere
2388 1637 2702 1721 perfecta,

520 1747 752 1824 potest
776 1740 1159 1825 pervenire?
1247 1739 1424 1804 Tum
1447 1739 1583 1817 ille,
1615 1739 1758 1822 Ego
1794 1758 1970 1814 vem,
2002 1739 2246 1822 inquit,
2278 1738 2470 1824 quod·
2490 1742 2555 1803 in
2588 1760 2704 1803 vo-

518 1844 627 1916 bis
647 1844 979 1926 egregiam
1010 1842 1348 1927 quandam
1371 1861 1454 1907 ac
1479 1843 1866 1925 praeclaram
1887 1842 2177 1906 indolem
2198 1842 2285 1907 ad
2308 1843 2663 1907 dicendum
2681 1849 2706 1878 ²

520 1965 669 2022 esse
699 1947 1004 2027 cognovi,
1048 1944 1301 2011 idcirco
1349 1944 1497 2032 haec
1546 1931 1837 2028 exposui
1880 1945 2148 2010 omnia:
2191 1965 2316 2010 nec
2353 1946 2583 2028 magis
2621 1944 2709 2009 ad

522 2066 643 2112 eos
668 2047 1117 2122 deterrendos,
1150 2048 1268 2132 qui
1296 2068 1424 2113 non
1449 2052 1751 2130 possent,
1786 2067 1999 2131 quami>
2018 2047 2106 2111 ad
2151 2047 2298 2126 'vos3
2329 2049 2445 2132 qui
2475 2066 2710 2131 posse-

521 2151 632 2227 tis,
670 2150 1108 2214 exacuendos
1137 2149 1646 2215 accommodavi
1688 2150 2053 2214 o'rationem
2088 2169 2308 2215 meam
2331 2170 2361 2215 :-
2394 2157 2463 2214 et
2499 2170 2711 2233 quan-

523 2271 730 2335 quam
761 2253 829 2316 in
858 2262 1141 2336 utroque
1169 2240 1455 2317 §restrum
1487 2271 1827 2316 summum·
1849 2271 1997 2316 esse
2023 2252 2359 2335 ingenium
2391 2251 2711 2316 studium·

521 2374 650 2438 que
699 2355 1035 2438 perspexi,
1067 2360 1288 2418 tamen
1332 2355 1507 2432 haec,
1558 2374 1713 2440 quae
1757 2361 1908 2420 sunt
1939 2356 2009 2418 in
2049 2356 2278 2438 specie
2310 2355 2582 2439 posita,‘
2626 2356 2710 2420 de

523 2456 771 2540 quibus
803 2457 995 2540 plura
1024 2457 1310 2522 fortasse
1342 2457 1509 2537 dixi,
1527 2478 1740 2542 ‘quam
1768 2457 1988 2522 solent
2009 2457 2236 2523 Graeci
2259 2456 2502 2536 dicere,
2527 2458 2598 2523 in
2621 2466 2709 2536 te,

522 2560 800 2643 Sulpici,
857 2558 1085 2624 divina
1136 2567 1314 2624 sunt.
1403 2562 1555 2639 132.
1601 2563 1707 2644 [p.
1759 2561 1900 2642 96]
1947 2560 2093 2643 Ego
2134 2561 2311 2625 enim
2357 2560 2703 2634 neminem,

521 2681 649 2726 nec
679 2668 856 2726 motu
881 2663 1205 2746 corporis,
1228 2683 1442 2748 neque
1461 2665 1612 2747 ipso
1635 2664 1872 2728 habitu
1894 2670 2097 2746 atque
2113 2663 2330 2727 forma
2355 2665 2709 2747 aptiorem,

524 2785 647 2829 nec
696 2785 863 2830 voce
906 2765 1291 2848 pleniorem,
1340 2775 1458 2831 aut
1499 2767 1876 2830 suaviorem
1914 2766 2079 2830 mihi
2120 2765 2351 2830 videor
2394 2758 2707 2845 audisse3

523 2888 681 2953 quae
714 2868 958 2952 quibus
991 2888 1031 2930 a
1061 2876 1293 2933 natura
1323 2871 1588 2933 minora
1613 2870 1774 2934 data
1801 2877 1975 2945 sunt,
1999 2867 2411 2951 tamengillud
2444 2870 2712 2953 assequi

460 2978 464 2983 ’
523 2976 830 3054 possunt,
874 2977 949 3035 ut
993 2970 1097 3048 iis,
1139 2991 1293 3054 quae
1331 2972 1670 3048 habeant,3
1717 2970 1983 3035 modice
2015 2978 2086 3035 et
2115 2970 2400 3035 scienter
2429 2976 2713 3048 utantur,

588 3173 615 3207 ⁸
652 3174 749 3230 Qui
768 3173 859 3231 hac,
874 3171 1160 3234 perfectione
1191 3186 1397 3229 careum,
1421 3177 1469 3222 et
1492 3173 1555 3221 iis
1575 3172 1657 3236 qui
1677 3177 1840 3222 carent
1875 3187 1967 3221 non
1989 3187 2204 3236 parcum,
2225 3173 2307 3222 sed
2338 3173 2401 3222 ud
2433 3172 2558 3222 alias
2594 3178 2716 3222 artes

526 3239 669 3289 etiam
691 3239 868 3287 invitos
883 3239 1072 3293 ,traduci
1091 3237 1245 3285 velim.

589 3302 607 3336 ί
638 3303 719 3353 Διὶ
740 3303 920 3367 aliquid
942 3303 1088 3353 aliud.

1447 3382 1505 3401 θ’
1513 3381 1780 3401 ΜΟΝΙΝΟ

513 3500 667 3559 ferre.
669 3504 769 3547 -6
790 3497 890 3562 Atq
893 3511 950 3547 ue
970 3503 1024 3545 ut
1048 3497 1227 3561 Herel.
1251 3513 1336 3561 ap.
1359 3474 1509 3548 Harl.
1513 3505 1606 3549 -7
1630 3498 1776 3548 Unus
1795 3513 1879 3561 ap.
1897 3496 2064 3547 Orell.
2084 3498 2136 3546 in
2157 3511 2210 3546 eo
2227 3512 2416 3560 genere.
2419 3503 2518 3547 —8
2547 3500 2714 3548 Tamen

523 3567 606 3628 qui
632 3565 770 3626 conj.
793 3563 1039 3626 Purgold.

592 3630 975 3679 cAp.xx1x.1
1016 3628 1147 3676 Num
1180 3628 1336 3690 igitur
1370 3612 1546 3678 Guelf.
1570 3633 1618 3678 2.
1683 3628 1832 3690 Mox,
1855 3629 1917 3677 ad
1945 3630 2048 3691 ipsa
2078 3642 2257 3676 summa
2287 3627 2537 3677 Mum—2
2571 3606 2710 3677 Idem

523 3695 826 3751 discendum
861 3701 914 3742 et
948 3707 1067 3740 mox
1104 3699 1299 3754 possunt
1337 3707 1514 3742 errore
1551 3701 1754 3756 typogr.
1758 3665 1853 3741 -’:³.
1887 3691 2065 3742 Guelf.
2097 3697 2144 3741 3.
2176 3692 2284 3741 Erl.
2311 3697 2358 3740 1.
2393 3693 2542 3741 Rom.
2577 3692 2708 3741 Καὶ).

525 3775 630 3822 quoe
650 3758 840 3821 habent,
862 3759 1000 3823 qnod
1036 3758 1234 3822 recepit
1270 3758 1419 3807 Harl.
1486 3759 1653 3808 Paulo
1681 3765 1819 3818 ante,
1841 3764 1995 3808 tamen
2016 3757 2098 3822 qm·
2125 3757 2248 3806 illud
2271 3756 2442 3807 Oxou·
2464 3776 2496 3806 α
2515 3761 2652 3820 βγδ
2672 3775 2710 3806 ε.

1483 3966 1488 3973 „
1510 3929 1728 3980 NOTAE

589 4026 614 4060 d
644 4027 741 4074 Jus
758 4027 921 4090 civile]
954 4025 1140 4075 Tribus
1159 4024 1363 4075 scilicet
1382 4026 1578 4075 artibus
1724 4035 1746 4060 θ
1783 4026 1904 4080 Quoe
1937 4030 2048 4075 sunt
2084 4025 2155 4073 in
2181 4025 2330 4088 speeie
2367 4022 2549 4087 posita]
2585 4025 2703 4074 Quae

499 4116 737 4164 operam
783 4102 936 4162 vulgo
968 4101 1095 4150 dare
1124 4101 1360 4152 solebant
1381 4103 1581 4151 nobiles
1662 4102 1927 4165 pertinent
1959 4101 2022 4149 ad
2062 4101 2318 4164 quandam
2352 4100 2583 4177 corporis
2604 4100 2701 4161 dig·

526 4177 763 4237 Romani,
801 4184 889 4226 ant
932 4178 1258 4239 eloquentiae,
1305 4185 1396 4228 aut
1430 4179 1579 4242 juris·
1663 4177 1901 4238 nitatem,
1919 4185 1975 4224 ut
1998 4177 2152 4232 actio,
2184 4192 2300 4234 vox,
2326 4184 2578 4241 motu8,et
2592 4189 2701 4255 con·

527 4253 837 4318 prudentiae,
858 4260 949 4301 aut
970 4252 1184 4302 militiae.
1663 4252 1904 4303 formatio
1928 4253 2176 4318 corporis.
2419 4269 2423 4276 ’
