3020 4942
1792 151 1816 179 ἱ

2381 347 2512 412 907

323 499 585 562 illorum
618 499 973 582 Lycurg0,³
1001 507 1028 548 P
1070 508 1138 564 et
1182 499 1543 579 Dracone,q
1585 509 1656 565 et
1699 502 1944 566 Solone
1965 511 1986 540 ¹
2039 509 2299 569 nostras
2328 505 2508 589 leges

324 601 618 667 conferre
663 602 1027 667 volueritis,
1116 602 1515 666 Incredibile
1562 609 1666 667 est
1711 606 1908 682 enim,
1935 626 2137 689 quam
2181 607 2271 671 sit
2319 627 2508 674 omne

313 704 430 786 jus
462 706 684 782 civile,
720 710 961 789 praeter
987 705 1119 769 hoc
1156 713 1479 779 nostrum,
1529 706 1967 781 inconditum,
2016 711 2096 772 ac
2130 728 2322 792 paene
2353 709 2506 774 ridi-

322 810 588 874 culum:
639 808 723 873 de
766 828 899 892 quo
929 807 1138 872 multa
1175 807 1358 871 soleo
1402 809 1486 871 in'
1515 809 1930 874 sermonibus
1973 811 2375 893 quotidianis
2408 813 2505 875 di-

320 930 496 988 cere,
544 931 696 976 cum
738 911 1071 975 hominum
1117 917 1487 974 nostrorum
1536 911 1962 994 prudentiam
2005 914 2258 977 ceteris'
2291 916 2505 978 omni-

319 1013 503 1085 bus,4
551 1021 620 1077 et
666 1014 957 1076 maxime
988 1012 1275 1090 GraeciS,
1322 1023 1690 1096 antepono.
1782 1014 1920 1078 His
1949 1012 2117 1097 ego⁵
2167 1015 2250 1079 de
2279 1018 2506 1081 causis

318 1114 649 1191 dixeram,
699 1116 1044 1193 Scaevola,
1075 1116 1184 1193 iis,
1236 1115 1353 1198 qui
1396 1116 1669 1198 perfecti
1712 1122 2006 1183 oratores
2048 1136 2197 1181 esse
2239 1118 2505 1195 vellent,

307 1216 484 1299 juris
516 1218 733 1281 civilis
762 1215 1208 1299 cognitionem
1238 1214 1434 1284 csse⁶
1476 1221 1946 1285 necessariam.

403 1334 589 1382 XLV.
639 1320 789 1384 198.
833 1320 878 1385 J
885 1341 991 1384 am
1024 1339 1186 1384 vero
1232 1320 1383 1403 ipsa
1425 1341 1542 1404 per
1576 1341 1724 1385 sese
1768 1328 2087 1404 quantum
2135 1322 2367 1400 afferat
2396 1324 2503 1397 iis,

316 1424 431 1505 qui
462 1424 524 1486 ei
564 1431 879 1507 praesunt,
929 1422 1226 1499 honoriS,
1278 1424 1531 1506 gratiae,
1580 1423 1947 1506 dignitatiS,
1999 1424 2150 1509 quis
2194 1424 2505 1506 ignorat?

314 1523 582 1608 Itaque,
626 1532 704 1590 ut
745 1525 923 1609 apud
952 1534 971 1565 ¹
1019 1525 1297 1591 Graecos
1341 1526 1548 1591 infimi
1591 1526 1915 1603 homiues»,
1965 1527 2343 1591 mercedula
2387 1527 2507 1591 ad-

315 1627 527 1706 ducti,
571 1629 902 1693 ministros
931 1649 1005 1692 se
1034 1629 1333 1711 praebent
1376 1630 1441 1692 in
1465 1627 1747 1711 judiciis
1793 1630 2227 1707 oratoribus?
2269 1631 2341 1704 ii,
2385 1631 2505 1713 qui

311 1729 495 1812 apud
542 1731 699 1794 illos
747 1730 1186 1817 πραγματικαὶ*
1246 1740 1607 1813 vocantur3
1655 1733 1780 1809 sic,
1837 1734 1903 1797 in
1951 1740 2177 1798 nostra
2228 1734 2505 1800 civitate

311 1841 575 1909 contra,
606 1833 1065 1917 amplissimus
1097 1833 1383 1918 quisque
1416 1838 1484 1897 et
1513 1835 1925 1899 clarissimus
1955 1836 2095 1914 vir;
2128 1843 2203 1899 ut
2229 1835 2360 1911 ille,
2388 1837 2504 1918 qui

308 1944 583 2020 propter
604 1937 776 2002 hanc
796 1936 968 2020 juris
998 1936 1222 2000 civilis
1254 1936 1600 2000 scientiam
1633 1938 1732 2001 sic
1758 1937 2137 2021 appellatus
2168 1957 2212 2002 a
2241 1957 2503 2002 summo

310 2038 571 2123 poeta’⁸
599 2047 735 2104 est:

484 2140 765 2225 Egregie
795 2141 1109 2206 cor'datns
1139 2143 1358 2221 homo,
1386 2152 1581 2207 catus
1611 2142 1831 2206 AElius
1863 2142 2141 2221 SextuS,
2144 2141 2246 2180 ⁰²*

1038 356 1136 403 nn
1183 355 1562 420 ossAroRn,
1611 359 1660 404 1.
1705 344 1814 407 45.

372 2301 412 2325 ”⁸
445 2292 757 2343 Subsmiunt
793 2293 1059 2343 oratoribus
1090 2295 1385 2357 suggerendo
1418 2293 1520 2343 illis
1553 2294 1680 2354 leges
1712 2298 1761 2342 et
1790 2308 1878 2354 Jus
1914 2292 2053 2368 civile
2087 2308 2178 2356 quo
2200 2308 2314 2356 opus
2347 2300 2419 2343 est
2438 2295 2504 2343 od

303 2374 514 2407 eausam.

373 2432 402 2455 ¹·
435 2423 612 2474 Ennio.
804 2430 826 2456 ⁰
858 2423 1035 2474 Sextus
1057 2424 1215 2474 AElius
1235 2424 1369 2471 homo
1387 2423 1598 2485 insignis
1619 2420 1882 2486 prudentia
1899 2427 1945 2474 et
1961 2423 2224 2487 sapientioe.

1214 2534 1579 2555 “neeneeee

305 2605 455 2652 simm
476 2603 556 2652 ille
576 2604 669 2651 vir.
670 2607 767 2652 ——3
791 2606 807 2632 ⁶
822 2602 995 2653 Facile
1018 2612 1156 2652 esset
1178 2604 1438 2666 corrigere
1460 2604 1672 2664 illarum,
1696 2601 1820 2667 qnia
1843 2601 2096 2664 praecedit
2113 2602 2352 2662 gentibus.
2394 2564 2499 2652 Sed

303 2670 427 2732 quia
452 2670 501 2715 in
526 2669 716 2718 illorum
736 2671 1069 2718 consentiunt
1091 2670 1227 2732 iibri,
1249 2670 1634 2731 inteiligamns‘
1655 2665 2001 2729 populorumss
2024 2666 2159 2730 qnod
2186 2681 2250 2715 ex
2277 2668 2361 2715 ino
2379 2671 2498 2727 gen-

298 2736 429 2782 tium
468 2733 624 2782 verbo
661 2735 829 2796 repeti
865 2733 1076 2797 potest!
1112 2736 1306 2784 Emeet.
1311 2739 1405 2784 -4
1450 2734 1538 2783 Ita
1571 2747 1749 2782 omnes
1781 2732 1909 2780 Pan.
1934 2748 2018 2792 ap.
2045 2732 2202 2781 Grut.
2237 2732 2501 2782 hominibus

307 2799 431 2848 edd.
458 2805 582 2848 vett.
605 2797 753 2848 Junt.
776 2803 871 2848 ὅτε.
874 2805 970 2848 -5
1006 2799 1109 2848 His
1124 2815 1235 2860 ergo
1260 2798 1378 2848 edd.
1398 2803 1628 2848 vem—6
1661 2798 1770 2847 Ει·.1
1789 2800 1836 2846 1.
1869 2812 1967 2846 esse
1986 2796 2315 2859 cognitionem.
2360 2796 2499 2847 ‘Sed

304 2865 514 2913 suavius
538 2865 728 2914 accidit
750 2866 813 2913 ad
839 2879 989 2915 aures
1015 2866 1250 2926 vulgatus
1273 2863 1437 2913 ordo!
1476 2864 1620 2912 Harl.

369 2929 509 2978 CAP.
533 2942 660 2978 va.
737 2935 757 2979 t
793 2931 962 2993 Itaque
981 2945 1075 2979 vion
1110 2936 1163 2979 ut
1204 2931 1327 2991 apud
1364 2928 1471 2978 Eri.
1506 2928 1626 2977 edd.
1665 2934 1794 2976 vett.
1815 2934 1871 2976 et
1892 2926 1994 2976 Seh
2000 2929 2114 2975 .—-2
2148 2925 2298 2974 AElin'
2318 2926 2500 2977 Sextus

302 2995 531 3054 Merula,
575 2996 763 3044 Pearc.
809 2996 964 3043 Grut.
1010 2995 1158 3043 Harl.
1211 2995 1358 3043 Mun.
1408 2995 1574 3043 Oreii.
1621 2995 1688 3042 al.
1756 2995 1773 3022 ‘
1798 2993 1885 3041 Sic
1923 2993 2373 3052 pronuntiandum,
2405 2994 2496 3040 'sed

303 3075 404 3109 non
444 3062 739 3110 necessario
784 3059 1148 3110 scribendum!
1196 3061 1390 3108 Ernest.
1477 3059 1639 3108 AElius
1682 3058 1862 3108 Sextus
1901 3059 2010 3108 Eri.
2049 3062 2097 3107 1.
2141 3066 2196 3105 et
2238 3057 2497 3122 Verbnrg.

297 3146 300 3149 ’
1291 3158 1503 3209 Nom-2

1441 3254 1498 3296 ut
1533 3246 1695 3296 tradit
1720 3247 1961 3297 Clemens
1986 3244 2372 3293 Alexandrinus
2396 3246 2430 3293 1.
2454 3260 2494 3293 1.

367 3258 392 3291 Ρ
426 3247 676 3312 Lycurgo]
710 3249 790 3298 De
807 3262 908 3312 qno
933 3262 1088 3309 supra
1110 3249 1136 3312 ς
1162 3253 1242 3296 58.
1463 3312 1464 3315 ¹

1442 3325 1632 3374 Strom.
1659 3323 1870 3388 Olymp.
1905 3335 2114 3371 xxxix.
2149 3337 2283 3370 anno
2309 3326 2356 3370 1.
2390 3338 2495 3386 qno

364 3336 387 3370 q
421 3327 667 3390 Dracone]
700 3328 879 3376 Draco
919 3328 1109 3388 primus
1146 3325 1360 3374 Atheni·

302 3404 501 3454 ensium
547 3403 829 3465 legistator,
878 3402 1026 3464 cujus
1076 3404 1359 3450 severiores

300 3481 445 3544 leges
460 3481 732 3543 sanguine,
747 3494 846 3529 non
867 3487 1179 3534 atramento,
1195 3481 1359 3539 scrip-

302 3564 398 3618 tas,
435 3557 696 3616 draconis,
722 3569 823 3604 non
860 3555 1096 3613 hominis,
1134 3569 1248 3606 esse
1284 3553 1359 3602 di-

299 3634 520 3683 cebant:
569 3640 720 3682 tanta
757 3632 957 3681 scilicet
1002 3629 1102 3679 fuit
1156 3631 1357 3680 iliarum

301 3711 615 3766 immanitas,
632 3717 688 3758 ut
709 3709 761 3757 in
786 3710 920 3758 levia
944 3707 1141 3771 pariter
1163 3716 1218 3756 et
1242 3721 1356 3770 gra·

297 3787 380 3835 via
404 3786 599 3835 delicta
621 3785 833 3848 capitali
861 3799 1014 3846 poena
1038 3783 1357 3832 animadver-

297 3870 496 3923 terent,
517 3876 617 3911 nec
660 3862 826 3910 minus
864 3860 1167 3910 addicerent
1203 3861 1356 3909 morti

295 3953 417 3989 enm
440 3938 530 4001 qui
564 3936 657 3987 otii
693 3936 965 3986 convictus
1004 3945 1160 3991 esset,
1204 3951 1356 3999 qnam

293 4017 384 4080 qui
409 4013 744 4078 parricidium
772 4012 1084 4062 admisisset.
1151 4012 1282 4061 Cum
1304 4014 1355 4060 in

293 4096 557 4142 theatrum
595 4089 871 4154 aliquando
910 4089 1203 4152 prodiisset,
1236 4103 1355 4138 con·

283 4169 445 4233 jectis
491 4170 543 4216 in
588 4180 700 4215 enm
742 4165 969 4229 nudique
1002 4166 1258 4226 ,stragulis
1302 4174 1357 4215 et

295 4245 622 4298 vestimentis
657 4241 937 4294 suffocatus
975 4251 1069 4293 ent.
1139 4245 1354 4308 Floruit,

1442 3401 1581 3462 leges
1606 3401 1879 3461 tulit,ante
1902 3399 2024 3449 Chr.
2038 3403 2155 3448 624.
2222 3400 2358 3448 Eum·
2380 3415 2495 3462 per-

1440 3477 1620 3526 hibent
1646 3476 1812 3524 tribus
1850 3489 2085 3523 versuum
2121 3475 2347 3524 millibus
2371 3477 2493 3526 vitae

1442 3558 1709 3617 praecepta
1733 3550 2027 3601 tradidisse.

1504 3636 1526 3662 ¹
1555 3628 1748 3693 Solone]
1782 3626 1917 3676 Vide
1949 3633 2101 3677 notas
2125 3618 2416 3691 superiores
2440 3629 2494 3678 in

1440 3707 1468 3770 ς
1492 3711 1576 3756 58.

1504 3789 1524 3815 ⁸
1544 3776 1897 3847 Πραγματικοὶ]
1920 3781 2125 3845 Πρᾶγμα
2141 3788 2223 3831 est
2237 3781 2496 3842 negotium,

1437 3861 1592 3909 actio.-
1618 3861 1693 3909 ilii
1718 3858 1965 3909 causidici
1988 3857 2129 3925 apud
2155 3857 2373 3907 Graecos
2388 3860 2491 3909 vei-

1437 3944 1495 3985 nt
1551 3937 1796 3999 agebant,
1833 3934 2256 3997 instruebantqne
2291 3949 2494 4005 causas,

1436 4028 1564 4076 quas
1607 4021 1842 4062 oratores
1899 4013 2326 4075 pronuntiarent:
2383 4013 2493 4063 teia

1434 4088 1915 4151 subministrabant,
1948 4103 2063 4154 qna*
2100 4087 2164 4138 ab
2194 4090 2493 4140 oratoribus

1437 4173 1825 4228 torquerentur.

1502 4245 1520 4277 ‘
1549 4245 1707 4295 AElius
1737 4241 1943 4308 [AEtin']
1973 4242 2174 4307 Sextus]
2214 4245 2293 4294 De
2317 4245 2488 4310 quoin
