3020 4942
524 353 698 421 1042

1223 410 1229 419 .
1295 370 1488 439 infr.
1536 369 1942 419 nicanorus
2015 380 2026 416 a

525 515 651 594 sin,
683 513 867 599 quod
910 520 1024 581 aut
1068 516 1134 580 in
1177 516 1395 580 bonos
1426 514 1627 592 vir08,
1671 519 1789 580 aut
1832 514 1903 578 in
1944 532 2085 592 eoa,
2111 512 2186 578 'in
2230 532 2400 598 quos
2433 513 2716 599 quisque

524 620 797 683 minime
848 619 1181 696 debuerit,·
1214 626 1335 683 aut
1373 618 1444 682 in
1494 616 2020 701 rempublicam3
2066 624 2210 681 tum
2259 618 2617 695 excitatur,
2662 621 2720 685 si

525 741 654 786 non
683 727 817 785 tam
845 724 1153 787 acerbum
1187 720 1441 795 odium,
1488 725 1706 784 tamen
1747 727 1866 784 aut
1893 718 2222 796 invidiae‚⁸
2268 730 2387 783 aut
2417 720 2561 784 odii
2589 741 2720 786 non

528 825 875 889 dissimilis
924 823 1247 890 offensio.⁰
1331 823 1483 889 209.

1531 823 1704 888 Item
1753 819 1982 888 timui-¹
2043 822 2368 887 incutitur
2389 830 2438 885 ⁹.
2470 829 2594 888 aut
2637 843 2722 888 ex

527 927 828 1010 ipsorum
886 925 1250 1011 periculis)
1297 933 1416 992 aut
1457 945 1547 989 ex
1596 924 2092 990 communibus:
2139 924 2403 988 interior
2457 931 2566 989 est
2609 924 2723 990 ille

526 1029 881 1113 proprius:
927 1027 1049 1093 sed
1096 1027 1207 1093 bic
1249 1046 1521 1112 quoque
1569 1020 1940 1091 communis
1985 1027 2072 1090 ad
2101 1027 2380 1091 eandem
2413 1028 2722 1093 similitu-

527 1131 743 1195 dinem
807 1137 911 1196 est
967 1131 1492 1214 perducendus!
1589 1137 1721 1193 ml.
1766 1128 1904 1195 Par
1954 1138 2154 1212 atque
2202 1149 2339 1194 una
2388 1131 2564 1195 ratio
2621 1137 2763 1195 est'

531 1229 735 1316 spei,¹¹
778 1229 1079 1308 laetitiae‚¹
1109 1232 1439 1298 molestiae
1466 1252 1483 1295 ε
1508 1239 1528 1270 ¹
1549 1234 1591 1269 ¹¹¹
1635 1231 1752 1296 sed
1779 1231 1957 1296 haud
1990 1232 2230 1309 sciam,
2250 1250 2339 1295 an
2367 1232 2723 1298 acerrimus

590 1424 815 1474 ⁰Motus
833 1424 984 1475 animi
1004 1422 1178 1490 offensi
1198 1430 1248 1475 et
1269 1423 1590 1487 indignantis·

587 1496 619 1530 P
654 1490 817 1539 Metus
838 1491 921 1553 qui
942 1504 1005 1540 ex
1023 1491 1230 1552 ipsorum
1251 1490 1488 1539 hominum
1522 1486 1745 1552 periculis
1766 1486 2020 1550 incutitur,
2039 1492 2111 1537 est
2129 1486 2346 1548 gravior,
2367 1501 2510 1550 quum
2533 1486 2617 1551 qui
2634 1486 2724 1537 ori-

528 1558 610 1602 tur
630 1569 691 1603 ex
711 1555 1029 1604 communibus
1048 1555 1287 1617 periculis.
1344 1557 1542 1618 Oportet
1567 1559 1722 1604 tamen
1744 1555 1923 1618 efficere
1943 1559 1996 1601 ut
2017 1552 2101 1615 qui
2121 1552 2384 1602 communia
2402 1554 2619 1615 pericula
2638 1568 2728 1602 me-

529 1618 642 1675 tuit,
665 1634 695 1668 a
714 1619 1032 1670 communibus
1053 1619 1154 1670 illis
1166 1620 1392 1686 periculis
1412 1635 1550 1670 suum
1565 1619 1827 1684 perieulum
1848 1632 1942 1667 uon
1957 1621 2096 1682 putet
2116 1631 2214 1667 esse
2235 1617 2515 1680 sejunctum.

1450 1745 1814 1769 ΝΜΟ

531 1838 722 1901 posuit.
792 1836 1074 1888 Lambinus
1114 1837 1349 1901 corrigit,
1395 1837 1492 1896 sin,

1537 1837 1659 1899 quod
1694 1794 1777 1886 aut
1812 1834 1946 1884 bonis
1980 1835 2119 1898 viris,
2152 1839 2239 1885 aut
2270 1834 2353 1891 iis,
2385 1849 2500 1898 quos

528 1904 719 1952 minime
741 1904 910 1953 loedere
930 1903 1165 1966 debuerit,
1197 1909 1281 1953 aut
1310 1901 1601 1965 reipublice,
1623 1904 1745 1964 &cs
1776 1901 1959 1964 Steph.
1993 1901 2046 1950 in
2079 1915 2178 1958 eos,
2214 1901 2268 1950 in
2303 1916 2444 1965 quos.-
2479 1850 2733 1953 θὲἕῖἕῗι.

530 1974 581 2018 2.
600 1974 648 2019 8·
670 1968 725 2017 iu
730 1975 971 2031 eosquos.

1038 1969 1277 2019 ‘St-liuta.
1299 1967 1424 2017 nihil
1466 1967 1550 2015 bic
1587 1966 1917 2015 mutandum
1930 1974 2073 2016 recte
2109 1974 2310 2026 censet,
2331 1975 2406 2022 et,
2440 1975 2565 2028 post
2598 1966 2735 2016 bonos

529 2031 955 2095 subintelligitur,
993 2034 1087 2096 ait,
1123 2048 1188 2083 ex
1226 2032 1558 2084 antecedenti
1579 2031 1834 2080 versiculo
1853 2030 2064 2095 suctum,
2100 2039 2156 2081 et
2191 2038 2312 2093 post
2332 2030 2552 2080 debuerit
2585 2030 2733 2081 facile

531 2099 809 2161 cogitando
845 2100 1120 2161 suppletur
1137 2091 1320 2158 fucere.
1388 2099 1509 2149 Nec
1555 2097 1742 2160 probat
1781 2097 2015 2145 Lambini
2052 2096 2107 2146 et
2152 2096 2360 2146 Pearffii
2405 2097 2739 2147 sententias!

532 2164 726 2213 Hui-les.
728 2167 823 2213 -8
860 2163 1040 2214 Guelf.
1063 2169 1112 2212 2.
1133 2168 1183 2212 8.
1214 2163 1367 2213 Mun.
1404 2170 1460 2212 et
1493 2162 1661 2212 Orell.
1693 2168 1779 2211 aut
1808 2161 2028 2219 insidiet
2075 2161 2284 2211 Schntz.
2298 2165 2372 2211 et
2408 2161 2630 2212 Harles.
2658 2168 2742 2213 aut

531 2228 815 2286 iracundia5
871 2231 1051 2279 Lamb.
1071 2234 1279 2279 attamen
1300 2233 1386 2278 aut
1407 2227 1622 2278 invidio.
1622 2231 1722 2276 -9
1755 2226 1934 2277 Guelf.
1956 2231 2004 2276 1.
2028 2227 2174 2276 timor
2191 2227 2439 2277 incitatur.

599 2294 736 2344 Cn.
765 2307 864 2345 ιιι.
933 2299 959 2344 1
995 2292 1173 2348 Guelf.
1191 2297 1243 2343 3.
1282 2301 1427 2358 utque
1468 2292 1717 2343 molestie.
1782 2292 1934 2354 Mox,
1979 2306 2073 2342 uon
2115 2293 2254 2355 longe
2294 2292 2363 2341 sit
2402 2291 2590 2344 Guelf.
2627 2296 2737 2343 1.-

1523 2392 1740 2468 Now:

547 2531 553 2554 ι·
595 2515 830 2580 1Τίνων]
883 2516 1153 2568 Detinitnr
1194 2517 1260 2567 ab
1304 2515 1593 2566 Aristotele

532 2593 689 2644 Rhet.
711 2594 746 2645 Ι.
778 2607 842 2644 11.
881 2601 897 2626 ⁸
916 2595 1188 2644 Timor-est
1212 2593 1360 2643 dolor
1390 2608 1452 2643 ac
1474 2606 1591 2656 per·

531 2671 760 2722 turbatio
778 2685 844 2720 ex
864 2671 1106 2735 opinione
1124 2669 1474 2735 impendentis
1487 2683 1594 2718 ma·

529 2749 587 2813 li,
606 2748 744 2813 quod
771 2748 851 2797 vel
880 2747 1177 2813 perniciem,
1196 2747 1281 2797 vel
1302 2746 1593 2797 molestiam

537 2824 726 2876 afferre
750 2822 950 2889 possit!

547 2901 614 2947 J
643 2902 749 2951 Aut
785 2917 849 2952 ex
889 2900 1097 2965 ipsorum
1128 2847 1374 2965 periculis]
1408 2896 1596 2947 Cicero

531 2986 768 3029 senatum
821 2976 1104 3042 propositis
1161 2977 1407 3041 periculis
1452 2979 1598 3024 metu

532 3054 787 3111 deterret,
807 3066 873 3102 ue
905 3054 1106 3117 legatos
1141 3054 1320 3104 mittat
1343 3051 1408 3101 ad
1433 3050 1598 3101 Anto·

534 3131 674 3179 nium
698 3128 930 3192 Philipp.
953 3142 1059 3179 xn.
1082 3130 1111 3193 ξ
1136 3134 1187 3181 7.
1235 3129 1251 3158 ⁶
1271 3129 1421 3181 Quod
1447 3127 1489 3177 si
1514 3134 1598 3177 est

535 3206 853 3256 erratum-P.
877 3206 938 3256 C.
958 3219 1052 3269 spe
1076 3201 1206 3254 falsa
1226 3211 1386 3269 atque
1402 3203 1596 3266 fallaci,

533 3282 805 3332 redeamus
828 3279 881 3330 in
914 3281 1082 3329 viam:
1118 3281 1346 3346 optimus
1376 3288 1456 3331 est
1479 3294 1598 3343 por·

534 3364 618 3408 tus
642 3357 915 3421 poenitenti
940 3357 1160 3407 mutatio
1185 3357 1405 3407 consilii.
1457 3355 1597 3409 Quid

532 3436 714 3497 enim,·
736 3450 828 3500 per
861 3437 1007 3486 D‘eos
1048 3434 1384 3492 immortales,
1422 3441 1599 3499 potest

533 3514 662 3578 reip.
696 3514 945 3577 prodesse
980 3519 1159 3562 nostra
1192 3512 1414 3574 legatio?
1445 3511 1597 3576 prod-

535 3605 658 3640 esse
674 3591 791 3640 dico
808 3591 827 3640 ἰ
846 3589 969 3656 qnid
989 3589 1031 3638 si
1050 3589 1205 3638 etiam
1225 3586 1468 3637 obfutura
1486 3587 1599 3636 est?

532 3667 807 3718 obfutura?
831 3666 972 3731 qnid,
995 3666 1040 3715 si
1048 3665 1162 3730 jam
1187 3665 1395 3715 nocuit?
1418 3679 1481 3713 an
1508 3679 1598 3713 vos

535 3744 836 3795 acerrimam
861 3744 1001 3793 illam
1028 3749 1088 3791 et
1115 3741 1446 3791 fortissimam
1474 3755 1597 3805 pop.

535 3820 687 3870 Rom.
722 3818 980 3869 libertatis
1004 3818 1376 3881 recuperandae
1397 3817 1598 3881 cupidi-

536 3902 697 3950 tatem
741 3910 843 3943 non
887 3893 1211 3946 imminutam
1256 3908 1319 3944 ac
1355 3894 1599 3943 debilita-

535 3982 643 4026 tam
681 3974 876 4038 putat-is
907 3973 1167 4037 legatione
1206 3973 1349 4035 pacis
1384 3972 1600 4021 audita?

537 4052 658 4115 quid
675 4051 994 4115 ·mnnicipia-
1012 4050 1275 4101 censetis?
1308 4049 1433 4114 quid
1457 4050 1599 4099 colo·

537 4129 679 4178 nias?
702 4128 825 4191 quid
840 4135 1082 4179 cunctam
1098 4126 1307 4181 Italiam
1327 4126 1346 4175 Β
1371 4125 1600 4176 futuram

539 4204 717 4258 eodem
762 4204 936 4255 studio
970 4218 1071 4269 quo
1112 4211 1294 4254 contra
1329 4216 1607 4253 commune>

539 4280 833 4331 incendium
857 4282 1156 4333 exarserat?
1223 4280 1423 4332 Annon
1448 4286 1600 4344 puta·

1673 2528 1787 2563 mus
1824 2510 1957 2574 fore,
1990 2522 2050 2564 ut
2084 2529 2174 2565 eos
2206 2514 2453 2579 poeuiteat
2478 2512 2741 2579 professos

1675 2607 1787 2642 esse
1810 2600 1866 2641 et
1888 2607 1994 2656 prae
2020 2606 2076 2642 se
2101 2593 2279 2643 tulisse
2302 2591 2513 2641 odium
2498 2606 2553 2641 m
2578 2592 2742 2642 Anto·

1675 2669 1834 2732 nium,
1859 2670 1946 2733 qni
1970 2670 2216 2731 pecunias
2247 2670 2466 2734 polliciti
2491 2677 2636 2727 sunt,
2659 2670 2742 2733 qui

1675 2759 1835 2801 arma,
1869 2746 1958 2811 qui
1994 2735 2051 2795 ἑο
2085 2754 2224 2798 totos
2249 2753 2305 2796 et
2337 2747 2522 2796 animis
2544 2754 2603 2795 et
2632 2761 2745 2796 cor-

1676 2822 1886 2886 poribus
1942 2824 1995 2874 in
2044 2825 2269 2875 salutem
2315 2824 2449 2887 reip.
2506 2824 2746 2874 contule-

1677 2902 1866 2951 runti'

1740 2974 1768 3011 ¹⁵
1788 2976 1922 3043 Spei]
1944 2977 2072 3027 Cum
2097 2975 2259 3027 metui
2282 2991 2402 3041 spes
2426 2982 2746 3041 opponatur,

1678 3060 1822 3102 recte
1841 3053 2045 3103 definiri
2070 3059 2266 3116 potest,
2287 3053 2534 3117 gaudium
2549 3067 2622 3102 ex
2636 3053 2743 3116 opi·

1679 3130 1830 3180 nione
1854 3130 2202 3195 impendentis
2223 3130 2345 3180 boni
2362 3129 2499 3194 qnod
2520 3132 2605 3180 vel
2625 3144 2746 3179 con·

1678 3220 1889 3256 servare
1915 3207 1994 3256 vel
2017 3204 2208 3257 afferre
2227 3207 2545 3271 voluptatem
2569 3206 2750 3269 possit.

1678 3282 1766 3333 Ita
1788 3283 2020 3334 Vossius.
2085 3285 2218 3349 Spes
2251 3284 2512 3334 excitatur
2553 3297 2746 3347 propo·

1678 3360 1777 3409 sita
1812 3360 1935 3410 boni
1966 3360 2242 3411 honestate
2275 3367 2332 3410 et
2362 3360 2745 3423 magnitudine,

1678 3435 2021 3502 facilibusque
2045 3447 2099 3487 et
2136 3437 2330 3502 paratis
2362 3437 2428 3487 ad
2454 3437 2586 3487 illud
2612 3450 2744 3487 asse-

1679 3513 1941 3578 quendum
1965 3514 2254 3577 praesidiis:
2280 3505 2534 3577 frangitur
2571 3521 2744 3564 autem

1681 3590 1757 3637 rei
1781 3587 2089 3640 difficultate
2112 3606 2174 3640 ac
2200 3590 2449 3640 malorum
2475 3591 2744 3640 imminen-

1680 3664 1807 3715 tium
1834 3666 2078 3729 imagine.
2146 3666 2212 3716 P.
2235 3666 2412 3728 Scipio
2436 3666 2578 3729 apud
2598 3664 2746 3715 Livi·

1681 3757 1764 3791 um
1781 3743 1812 3791 l.
1831 3756 1953 3791 xxx.
1973 3742 2215 3805 exposita
2233 3741 2470 3792 victoriae
2487 3740 2745 3790 facilitate

1677 3820 1783 3867 suis
1805 3833 1949 3883 spem
1973 3827 2165 3883 movet,
2188 3827 2244 3869 et
2271 3817 2336 3868 ad
2362 3817 2600 3881 proelium
2624 3830 2742 3868 con·

1680 3901 1764 3945 tra
1805 3894 2257 3958 Carthaginienses
2301 3893 2590 3943 ineundum
2639 3889 2743 3942 ani·

1680 3985 1790 4020 mos
1812 3970 1970 4021 facite
2007 3971 2024 3998 ⁴
2052 3969 2168 4019 Erit
2193 3970 2245 4018 in
2269 3969 2368 4018 boc
2389 3967 2682 4019 certamine
2704 3968 2744 4016 is

1683 4047 1828 4097 vobis
1860 4047 2061 4110 illisque
2085 4046 2305 4102 animus,
2341 4045 2428 4108 qui
2463 4042 2744 4093 victoribus

1683 4123 1930 4173 et·victis
1970 4137 2086 4173 esse
2121 4122 2275 4172 solet.
2343 4122 2461 4171 Nec
2496 4134 2642 4169 nuuc*
2657 4119 2747 4184 illi,

1683 4200 1806 4266 qnia
1851 4198 2063 4264 sudent,
2097 4198 2189 4249 sed
2240 4197 2360 4264 quia
2401 4210 2619 4246 necesse
2650 4202 2747 4252 est.

1683 4278 1961 4346 pugnaturi
1983 4275 2269 4332 sunt:,nisi
2305 4273 2516 4326 creditis
2549 4272 2637 4339 qni
2658 4285 2747 4321 ex·
