3020 4942
516 348 687 426 1082
1290 366 1370 415 M.
1417 366 1486 415 ι’.
1533 310 1931 416 οἰοιιιιοκιε

517 510 772 574 lianum
791 516 816 546 ⁸
847 508 1007 576 dicit
1028 508 1297 588 fuisses*
1324 516 1390 575 et
1419 531 1573 575 eum
1596 511 1839 577 Graeco
1867 515 2070 578 verbo
2096 514 2399 597 appellat
2433 511 2628 602 sigma
2647 513 2705 579 :⁵

516 616 658 694 Sed,
690 616 787 679 uti
814 616 1050 692 ferunt,
1082 617 1196 699 qui
1226 617 1467 681 melius
1509 618 1655 682 haec
1688 626 1949 696 norunt,
1984 620 2329 684 Socratem
2363 617 2611 703 opinor
2636 623 2705 684 in

514 715 659 783 hae¹
695 719 909 799 ironia
963 718 1594 802 dissimulantiaque
1642 721 1840 802 longe
1895 722 2125 805 lepore
2173 729 2240 786 et
2290 705 2716 788 humanitate*=

517 820 820 884 omnibus
868 822 1305 904 praestitisse.
1353 842 1557 903 genus
1602 828 1706 887 est
1743 824 2153 906 perelegan8‚
2199 831 2270 887 et
2302 844 2459 888 oum
2489 826 2705 905 gravi-
2711 811 2715 816 ’

516 927 658 986 tate
708 923 982 998 salsum,
1028 936 1361 1008 cumque⁵
1411 927 1711 990 oratoriis
1758 926 2190 1004 dictionibuS‚
2238 933 2375 991 tum
2430 925 2710 993 urbanis

519 1025 940 1089 sermonibus
990 1028 1590 1092 accommodatum.
1678 1029 1828 1093 271.
1875 1029 1964 1092 Et
1994 1023 2258 1092 bercul'e
2287 1028 2511 1093 omnia
2540 1028 2706 1107 haec,

517 1121 673 1211 quae
720 1147 761 1191 a
805 1147 910 1191 me
956 1127 1040 1190 de
1082 1127 1346 1193 facetiis
1391 1128 1834 1213 disputantur,
1881 1150 2017 1194 non
2057 1131 2309 1214 maJora
2337 1130 2702 1195 forensium

517 1225 877 1311 actionum,
905 1249 1104 1314 quam
1137 1232 1425 1295 omnium
1451 1251 1827 1296 sermonum
1860 1231 2280 1298 condimenta
2301 1240 2475 1297 sunt.
2526 1234 2703 1298 Nam

517 1332 701 1415 quod
731 1332 915 1415 apud
947 1332 1277 1415 Catonern,
1298 1341 1424 1409 est,
1454 1333 1570 1416 qui
1612 1335 1820 1398 multa
1847 1335 2095 1412 retulit,
2121 1354 2211 1398 ex
2244 1334 2495 1417 quibus
2528 1354 2572 1398 a
2602 1355 2702 1399 me

519 1436 812 1520 exempli
842 1455 1051 1500 causa
1074 1435 1286 1499 multa
1309 1442 1658 1519 ponuntur,
1689 1456 1806 1519 per
1829 1438 1987 1500 mibi
2016 1439 2259 1501 scitum
2288 1436 2601 1515 videtur:
2629 1437 2702 1501 C.

518 1535 898 1601 Publicium
932 1538 1193 1602 solitum
1225 1538 1465 1615 dicere,
1509 1542 1532 1573 ⁴
1552 1539 1635 1602 P.
1668 1539 2064 1604 Mummium
2091 1536 2120 1578 ⁶
2165 1540 2383 1604 cuivis
2417 1540 2705 1623 tempori

516 1637 845 1718 hominem
875 1639 1093 1703 esse.'¹
1179 1640 1298 1706 Sic
1339 1641 1641 1724 profecto
1680 1661 1787 1705 res
1819 1662 1894 1705 se
1932 1638 2189 1719 babet,⁷
2232 1642 2488 1706 nullum
2521 1648 2598 1705 ut
2625 1641 2709 1706 sit

520 1740 676 1824 vitae
714 1748 1001 1825 tempuS‚
1044 1744 1112 1806 in
1154 1762 1289 1827 quo
1333 1762 1459 1808 non
1499 1743 1744 1809 deceat
1780 1745 2068 1829 leporem
2099 1745 2718 1831 humanitatemque,

518 1844 793 1909 versari.
879 1845 1028 1911 272.
1073 1845 1212 1912 Sed
1258 1845 1454 1910 redeo
1506 1846 1597 1911 ad
1648 1854 1887 1918 cetera.
1983 1843 2110 1911 Est
2154 1846 2309 1926 huic
2356 1845 2704 1909 finitimum

520 1944 1066 2022 dissimulationi,
1098 1967 1252 2013 cum
1281 1946 1568 2013 honesto
1597 1950 1840 2014 verbo⁰
1884 1948 2135 2014 vitiosa
2156 1968 2259 2013 res
2287 1948 2672 2032 appellatur
2690 1969 2710 2038 ².

580 2147 607 2171 ⁸
645 2139 848 2189 Videtur
866 2141 986 2190 mihi
1002 2142 1290 2204 perelegans.

570 2212 610 2250 s!
646 2205 867 2261 Quolibet
885 2208 983 2255 loco
1003 2222 1058 2255 ac
1081 2211 1285 2270 tempore
1307 2206 1536 2255 &bonum
1558 2220 1672 2256 esse.

1425 2340 1600 2360 emm
1605 2340 1782 2360 “ffb“

460 2484 465 2488 .
516 2445 549 2491 8
586 2437 759 2492 Guelf.
782 2444 831 2490 3.
845 2446 899 2490 ut
921 2441 1011 2492 tibi
1032 2442 1116 2492 hoe
1136 2456 1241 2504 ego.
1248 2445 1341 2492 —4
1364 2441 1574 2492 Scbntz.
1598 2441 1665 2491 de
1687 2442 1992 2507 conjectura
2008 2440 2244 2495 Jacobsii
2268 2446 2426 2491 acuta
2443 2440 2710 2504 rescripsit

517 2507 688 2557 eluisse
711 2506 986 2570 profuisse·
1054 2508 1243 2572 Rejicit
1271 2508 1405 2557 hanc
1423 2508 1777 2572 conjecturam
1793 2508 2047 2558 Goereuz.
2067 2514 2123 2556 et
2146 2506 2385 2557 defendit
2411 2508 2708 2570 vulgatam.

521 2571 669 2621 addit
703 2578 894 2629 tamen,
928 2573 1002 2622 ‘si
1037 2573 1159 2636 quid
1197 2574 1520 2629 mutandum,
1558 2587 1661 2623 non
1698 2579 1746 2623 et
1781 2588 1904 2635 eum,
1928 2573 2019 2622 sed
2060 2572 2234 2622 etenim
2277 2573 2596 2634 scripserim.
2601 2572 2708 2620 ’—-5

517 2637 730 2687 Sebntz.
750 2636 888 2700 conj.
911 2643 1116 2701 tumque.
1119 2643 1218 2688 —6
1247 2639 1335 2702 Sp.
1361 2637 1645 2689 Mummium
1669 2638 1851 2687 Lamb.
1900 2639 1960 2688 L.
1974 2638 2205 2687 Nomium
2227 2640 2280 2700 ψ.
2340 2639 2489 2693 Mox.
2520 2638 2712 2701 quodvis

519 2704 740 2767 temporis
757 2718 887 2753 unus
903 2704 1066 2754 codex
1079 2711 1135 2755 et
1153 2705 1334 2754 Lamb.
1388 2703 1885 2768 ςυίευὶειιηιροήεψς
1918 2703 2125 2765 cujusvis
2140 2702 2368 2767 temporis
2386 2703 2523 2767 eonj-
2538 2703 2709 2752 nescio

1510 2863 1728 2915 NOTAE

560 2970 608 3003 >⁸
634 2962 973 3027 AEmilianum]
1022 2961 1128 3012 Hie
1173 2924 1236 3013 l...
1274 2962 1447 3024 Pauli,
1484 2962 1573 3026 qni
1653 2962 1870 3012 aliorum
1903 2928 2520 3029 tanunom'sapientium‚
2556 2976 2712 3026 quam

520 3038 720 3089 Persen
735 3041 877 3094 vicit.
895 3039 1045 3094 filins,
1061 3039 1336 3104 adoptatus
1353 3048 1484 3089 esta
1509 3040 1573 3089 P.
1655 3053 1924 3102 personam
1954 3039 2194 3103 quoniam
2228 3052 2435 3101 semper
2465 3038 2714 3088 Socrates

519 3114 764 3178 Scipione
794 3113 1031 3165 Africani
1068 3114 1291 3180 Major-is
1324 3115 1449 3173 filio,
1483 3116 1574 3179 qui

517 3190 698 3240 liberis
734 3191 966 3241 corebat.
1008 3191 1259 3242 -Consule
1289 3199 1436 3242 notas
1458 3192 1510 3241 in
1536 3193 1573 3243 l.

519 3280 604 3316 u.
625 3266 825 3316 Her-en.
847 3268 982 3330 §19-

552 3341 608 3375 ¹²
638 3342 836 3407 Εἵρωνα]
876 3342 1023 3408 Εἵρων
1052 3341 1295 3394 Socrates
1330 3344 1576 3396 Ciceroni

520 3423 600 3467 est
634 3419 688 3468 in
723 3419 856 3468 omni
889 3420 1121 3469 oratione
1152 3421 1487 3479 dissimulator,
1513 3420 1575 3470 εἰ·

519 3493 691 3560 pamla
712 3494 1082 3554 dis-simulantia,
1108 3512 1212 3562 qua
1243 3498 1482 3549 Socrates
1518 3501 1577 3548 li·
1599 3492 1605 3498 ’

521 3572 706 3641 benten·
739 3573 814 3623 uti
847 3574 1031 3624 solitus
1065 3579 1177 3630 est,'
1186 3589 1302 3624 cum
1335 3575 1476 3625 aliud
1499 3575 1576 3625 di·

519 3658 669 3702 ceret
700 3664 760 3700 ae
788 3651 1026 3701 sentiret.
1070 3651 1268 3714 Negat
1296 3651 1576 3703 Quintilian·

522 3807 647 3857 satis
681 3806 839 3856 totins
864 3805 1011 3868 hnjus
1032 3805 1212 3869 figura
1238 3807 1372 3854 vires
1400 3814 1577 3856 osten-

521 3881 595 3938 di.
617 3882 846 3946 quamvis
878 3881 1130 3931 invenerit
1158 3882 1243 3945 qni
1267 3882 1481 3930 ironiam
1505 3883 1578 3933 ita

522 3958 708 4008 Latine
730 3967 1009 4008 vocarent:
1047 3968 1231 4020 nempe
1255 3958 1579 4023 Ciceronem,

521 4035 668 4098 eujus
701 4048 885 4084 nomen
919 4035 1062 4082 velut
1098 4033 1301 4083 honoris
1323 4048 1480 4083 causa
1502 4043 1577 4083 ta·

521 4118 628 4171 oet,
663 4126 779 4161 cum
813 4110 1106 4173 opinionem
1141 4118 1197 4160 et
1230 4103 1441 4159 dictum*
1465 4106 1579 4173 ejus

523 4187 732 4252 aliquod
768 4186 933 4237 minus
964 4189 1170 4257 probat.
1239 4186 1385 4250 Εἵρων
1406 4194 1581 4239 etitem

1656 3115 1781 3178 egit,
1799 3115 1958 3167 semel
1982 3123 2305 3179 susceptam3
2341 3114 2479 3164 idem
2503 3115 2714 3186 Quinti-

1654 3191 1838 3253 lienus,
1857 3191 1873 3219 ‘
1892 3191 2099 3255 Etiam,’
2113 3191 2298 3266 inqpit,
2314 3193 2330 3219 ‘
2343 3190 2448 3240 vitu
2467 3190 2714 3242 universo.

1656 3269 1866 3318 ironiam
1885 3267 2312 3329 haben-evidetur,
2324 3268 2488 3331 qualis
2504 3277 2586 3317 est
2610 3270 2715 3318 vita

1656 3342 1918 3394 Socratis?
1993 3344 2254 3395 Vavsssor
2292 3344 2385 3393 lib.
2424 3344 2492 3395 de
2530 3345 2715 3395 Ludic.

1659 3420 1799 3470 Dict.
1825 3420 1874 3468 in
1895 3420 2131 3469 Socrate.
2231 3430 2236 3435 ’

1718 3503 1743 3529 ⁰
1777 3492 1990 3545 Honeste
2001 3494 2165 3557 verbo]
2200 3496 2318 3545 Huc
2339 3494 2526 3546 referri
2545 3505 2716 3563 potest

1656 3572 1782 3623 illud
1806 3571 2073 3622 Ciceronis
2101 3572 2406 3624 dicteriumz
2440 3574 2715 3625 Insimnls·

1657 3655 1740 3698 tus
1774 3647 2078 3697 adolescens
2107 3648 2343 3714 quidem,
2378 3651 2515 3712 quod
2558 3656 2715 3700 vene-

1493 3729 1505 3742 ·
1563 3728 1572 3737 ‘
1658 3740 1776 3774 num
1813 3724 2044 3774 dedisset
2079 3727 2214 3786 patri
2245 3726 2296 3773 in
2326 3725 2585 3788 placenta,
2602 3728 2715 3790 jae·

1657 3802 1805 3851 tabat
1840 3816 1893 3850 se
1930 3800 2153 3851 ferocius
2182 3803 2239 3850 et
2272 3802 2509 3851 Ciceroni
2533 3812 2717 3852 contn-

1658 3880 1835 3929 melins
1866 3893 1927 3927 nc
1960 3878 2240 3945 nmledicta
2273 3878 2599 3928 minabatur:
2634 3881 2717 3943 cni

1658 3957 1859 4011 Cicero,
1881 3956 1914 3982 “
1945 3955 2079 4015 Hoc,
2083 3954 2097 3975 ’
2140 3952 2325 4017 inquit,
2369 3954 2387 3982 ‘
2410 3955 2547 4004 malo
2586 3969 2617 4004 a
2663 3964 2715 4003 te

1660 4034 1812 4097 qnam
1836 4029 2166 4094 placentam'
2237 4031 2508 4080 Plutarch.
2533 4032 2585 4080 in
2609 4032 2714 4081 Cic.

1661 4110 1928 4158 Placemae
1960 4108 2163 4157 nomine
2187 4121 2437 4157 venenum
2460 4109 2596 4158 scite
2619 4109 2715 4197 dis·

1662 4185 1949 4236 simulabat.
2311 4204 2318 4210 ·

525 4271 604 4313 est
625 4265 696 4313 illi
720 4278 880 4328 agens
898 4263 1211 4328 imperitum,
1229 4272 1285 4314 et
1300 4264 1583 4315 admirator
1661 4300 1668 4307 -
