3020 4942
2350 346 2483 416 '767

304 517 487 595 fecit,
518 537 611 583 ex
643 537 809 583 casu
837 524 885 567 ¹⁷
918 517 1439 594 considerantur.
1500 513 1609 578 Ex
1642 532 1768 578 sua
1789 507 1858 576 vi
1877 519 2252 597 quaerentur
2277 511 2325 551 ¹⁸
2356 511 2482 576 hoo

298 621 535 696 ,modot
562 639 828 701 magna,
847 640 931 684 an
954 639 1163 703 parva
1185 639 1202 699 ;
1233 617 1484 693 facilia,
1497 635 1580 681 an
1605 614 1929 697 difficiliag
1956 616 2310 698 singularia
2334 617 2485 687 sint,

306 741 383 785 an
412 723 718 804 vulgaria
745 744 762 804 3
789 731 843 774 ¹9
887 733 1070 798 vera,
1103 742 1190 785 an
1219 722 1391 785 falsa
1423 719 1712 803 quadam
1754 736 1843 781 ex
1874 719 2123 782 ratione
2151 724 2208 753 ²⁰
2250 717 2484 781 hones·

306 828 617 890 tautum!
659 812 745 890 eit
794 833 1089 910 tempore
1113 832 1141 870 ²-
1182 832 1431 903 autem,
1477 823 1537 886 si
1583 827 1742 899 tum,
1775 840 1926 885 cum
1956 820 2488 903 indigeremus3⁸

305 946 452 991 cum
501 931 716 993 ceteri
760 948 894 994 non
939 926 1263 1012 possent,¹’
1315 932 1428 991 aut
1483 925 1738 989 nollent
1782 923 2139 1008 opitulari3
2185 922 2244 985 si
2295 929 2483 999 tum,¹

304 1049 450 1096 cum
481 1051 644 1115 spes
675 1032 1116 1096 deseruisset:
1163 1049 1252 1093 ex
1285 1030 1531 1107 animo,
1565 1028 1623 1091 si
1656 1047 1788 1090 non
1821 1026 1927 1091 sui
1961 1024 2290 1090 commodi
2325 1045 2483 1090 oau-

1042 372 1138 418 ΒΕ
1188 369 1505 420 mvnu'r.
1554 367 1636 415 11.
1677 349 1786 416 38.

357 1205 384 1239 ¹
416 1198 645 1257 Anfalsa
664 1198 762 1247 sint
781 1197 1021 1263 beneficia,
1040 1201 1086 1247 et
1094 1195 1405 1247 nihilominus
1421 1194 1578 1245 verbis
1600 1198 1823 1245 ornentur
1842 1193 2065 1259 tanquam
2084 1205 2214 1244 vera.

1217 1316 1365 1337 ‘0600
1371 1315 1578 1337 ΟΜΟΟΟ

361 1394 500 1445 CAP.
545 1404 797 1445 xxxvnr.
866 1399 928 1445 1⁷
961 1395 1104 1445 'Octo
1127 1394 1336 1444 Oxonn.
1367 1393 1496 1442 Mss.
1532 1408 1645 1442 cnm
1671 1391 2027 1456 Olimsecerit.
2094 1390 2227 1440 Dein
2251 1390 2486 1454 quaedam

300 1459 419 1510 edd.
449 1469 590 1510 vett.
628 1478 692 1510 ex
716 1476 889 1512 causa.-
922 1480 958 1509 ω
984 1467 1029 1511 l.
1051 1466 1100 1510 2.
1139 1460 1285 1509 Leid.
1323 1463 1372 1508 1.
1417 1467 1462 1508 et
1498 1474 1561 1507 ex
1595 1461 1853 1507 casm—18
1889 1459 2037 1506 Voss.
2061 1460 2109 1505 1.
2149 1457 2295 1505 heid.
2317 1460 2369 1505 ‚3,
2409 1456 2492 1505 ed.

300 1524 511 1574 Omnib.
552 1533 861 1589 quaeruntur:
913 1545 949 1574 ω
973 1531 1016 1575 l.
1053 1527 1408 1575 considerantur
1429 1539 1447 1572 .·
1497 1524 1675 1571 Lamb.
1714 1522 2279 1571 considerabuntur.—-l9
2315 1523 2355 1571 L
2377 1523 2435 1571 M
2457 1538 2489 1570 κ

299 1591 549 1640 omittunt
569 1593 712 1641 εἰναι
731 1592 880 1642 deest
901 1593 1055 1641 etiam
1081 1608 1109 1639 a
1133 1592 1285 1640 Voss.
1311 1593 1356 1639 l.
1382 1587 1531 1638 Leid.
1555 1594 1604 1639 3.
1629 1590 1679 1636 in
1706 1588 1888 1651 quibus
1920 1603 1982 1637 an
2002 1588 2405 1642 communia.—··20
2440 1582 2486 1634 B

300 1654 358 1703 W
379 1659 405 1704 θ
426 1674 475 1717 κ,
516 1658 636 1706 Sch.
674 1673 704 1708 a
735 1672 804 1705 m.
837 1673 917 1721 pr.
948 1666 1005 1706 et
1039 1657 1123 1707 ed.
1158 1656 1370 1705 Omnib.
1390 1670 1620 1717 quanam.-
1655 1654 1698 1710 L
1728 1654 1810 1703 sed
1830 1653 2043 1716 quadam.
2108 1653 2238 1701 Tum
2260 1654 2411 1702 Voss.
2443 1655 2491 1701 l.

298 1719 440 1771 Leid.
464 1728 520 1772 3.
544 1722 752 1771 Scbutz.
784 1732 837 1773 et
875 1723 1040 1772 Orell.
1075 1722 1382 1771 exornatione
1399 1736 1415 1768 .·
1452 1720 1493 1767 L
1517 1719 1573 1767 M
1596 1722 1648 1780 ψ,
1673 1735 1709 1766 ω
1734 1723 1777 1768 1.
1803 1718 1950 1766 Leid.
1974 1722 2023 1766 2.
2047 1721 2092 1765 3.
2115 1718 2263 1766 Voss.
2289 1722 2335 1766 l.
2354 1722 2405 1766 2.
2434 1723 2491 1765 et

298 1787 431 1849 vulg.
466 1803 540 1837 ex
573 1789 801 1844 oratione,
826 1791 914 1838 sed
940 1801 1200 1851 suprascr.
1223 1786 1273 1834 in
1300 1787 1355 1833 M
1379 1799 1440 1833 ex
1460 1785 1723 1833 amatione.
1790 1784 1835 1831 E
1861 1782 2005 1832 Leid.
2030 1787 2078 1831 1.
2100 1783 2218 1834 Seu.
2244 1798 2273 1831 a
2298 1797 2364 1831 m.
2384 1796 2490 1830 sec.

296 1851 435 1900 Cass.
458 1851 645 1902 Guelf.
671 1854 800 1901 Mss.
820 1854 1049 1903 Gronov.
1074 1861 1130 1902 et
1153 1851 1273 1901 edd.
1301 1866 1378 1914 pr.
1399 1865 1460 1914 ezr:
1499 1849 1685 1898 ratione
1708 1849 1854 1897 dedit
1877 1849 2003 1897 Ern.
2024 1856 2079 1897 et
2099 1849 2175 1897 sic
2197 1862 2399 1912 quoque
2425 1847 2489 1895 B.

299 1916 358 1964 W
380 1922 407 1967 θ
428 1935 481 1973 κ.
529 1936 566 1966 ω
588 1922 638 1967 2.
677 1918 804 1968 Tur.
825 1915 1136 1968 'Wet'zel.—1
1174 1915 1325 1965 Voss.
1361 1920 1404 1966 1.
1443 1915 1591 1964 Leid.
1617 1918 1664 1962 3.
1685 1919 1767 1963 aut
1787 1914 1830 1962 si
1853 1919 1969 1962 tum.
2039 1913 2173 1962 Dein
2197 1914 2347 1963 Voss.
2372 1918 2418 1963 1.
2441 1916 2493 1960 2.

298 1981 442 2033 Leid.
469 1987 524 2033 1.
551 1988 600 2032 2.
620 1987 668 2044 3.
691 1992 807 2035 octo
833 1985 1042 2035 Oxonu.
1065 1985 1190 2034 Mss.
1207 1991 1261 2033 et
1284 1982 1404 2031 edd.
1424 1988 1546 2030 aute
1571 1980 1725 2029 Grut.
1746 1994 1861 2030 cum
1899 1979 2040 2030 Oliv.
2074 1979 2267 2029 babent
2300 1980 2490 2029 desern-

1290 2102 1506 2154 NOTAE

1439 2218 1548 2268 cito
1578 2217 1708 2270 dat.'

292 2218 447 2269 Rhet.
478 2220 517 2268 l.
546 2233 610 2269 ιι.
644 2220 791 2284 Χάρις
811 2220 935 2282 ἐστὶ,
959 2222 1059 2272 καθ’
1079 2219 1138 2281 ἣν
1169 2221 1195 2269 ὁ
1228 2220 1358 2283 ἔχων
2127 2279 2130 2282 y

1500 2302 1527 2330 ⁸
1558 2295 1618 2344 Si
1641 2301 1760 2361 tum,
1781 2310 1884 2345 curn
1913 2293 2257 2357 indigeremus]
2293 2293 2371 2343 Ex
2393 2293 2492 2343 hoc

299 2284 498 2345 λέγεται
541 2285 684 2350 χάριν
727 2289 976 2351 ὑπουργεῖν
1031 2286 1248 2349 δεομένῳ.
1287 2286 1356 2346 μὴ

298 2360 398 2410 «ντί
420 2380 573 2422 τινος,
594 2364 701 2424 μηδ’
732 2364 792 2424 iv?
826 2364 962 2428 αὐτῷ
978 2366 1046 2429 τῷ
1070 2365 1358 2428 ὑπουργοῦν-

268 2454 359 2502 -rt,
392 2438 512 2490 ἀλλ’
540 2440 605 2490 ἵν’
637 2441 797 2506 ἐκείνῳ
831 2461 895 2493 τι.
965 2444 1144 2494 Gracia
1164 2450 1254 2505 est,
1269 2458 1357 2508 per

295 2531 436 2579 quam
458 2519 502 2567 is
521 2519 607 2582 qui
635 2520 795 2583 habet,
814 2521 993 2571 dicitur
1007 2523 1221 2584 gratiam
1250 2536 1356 2570 con·

283 2593 420 2652 serre
437 2596 699 2658 indigenti,
713 2613 805 2647 non
826 2604 878 2648 ut
897 2600 1078 2662 aliquid
1099 2600 1356 2663 referatur,

294 2677 443 2733 neque
483 2677 539 2720 ut
579 2674 677 2736 ipsi
717 2675 992 2734 conferenti,
1027 2677 1108 2724 sed
1157 2675 1202 2725 εἰ
1247 2680 1354 2724 tan·

297 2751 396 2793 tum
437 2749 517 2795 cui
555 2749 815 2813 confertur,
849 2751 960 2802 bene
1003 2753 1088 2802 sit.
1154 2752 1354 2804 Quibus

299 2831 470 2871 antem
512 2837 578 2871 ex
621 2828 878 2888 capitibus
922 2830 1004 2877 vel
1038 2835 1240 2885 crescat
1271 2830 1355 2878 vel

296 2896 629 2951 imminuatur
643 2901 876 2954 beneficii
895 2907 1046 2967 ratio,
1063 2907 1197 2956 idem
1212 2921 1357 2972 egre·

299 2975 383 3036 gie
425 2990 568 3026 more
602 2994 695 3028 suo
730 2981 903 3031 docet.
968 2981 1357 3034 Quadrifariam

302 3052 646 3115 amplificatur
667 3072 678 3100 ι
705 3058 751 3103 1.
769 3056 812 3104 si
835 3057 986 3105 valde
1007 3057 1357 3122 indigentibus

300 3129 565 3180 tribuitur.
587 3135 638 3180 2.
665 3132 708 3181 si
732 3147 969 3197 magnum
992 3136 1115 3199 quid
1141 3151 1202 3185 ae
1225 3136 1357 3186 diffi-

298 3205 394 3267 eile
426 3206 599 3257 detur.
635 3212 681 3258 3.
716 3210 758 3259 si
795 3220 1087 3274 opportuno
1122 3219 1357 3277 tempore

303 3296 360 3330 ac
393 3284 523 3333 loeo.
556 3288 607 3333 4.
647 3281 691 3333 si
726 3295 815 3335 aut
850 3287 1005 3348 solus,
1040 3297 1131 3338 aut
1164 3293 1357 3354 primus

302 3358 537 3409 conferas
586 3362 824 3423 gratiam.
893 3365 1219 3416 Extenuatur
1263 3382 1358 3417 sex

301 3437 465 3486 modis
491 3437 828 3489 beneficium-2
869 3445 913 3492 1.
943 3442 985 3490 si
1008 3444 1118 3508 quis
1141 3444 1191 3493 id
1218 3460 1357 3495 com-

302 3512 438 3562 modi
462 3514 540 3563 sui
571 3527 725 3563 causa
753 3518 1068 3578 praestiterit.
1100 3524 1148 3569 2.
1167 3521 1212 3570 si
1236 3536 1358 3572 casu

304 3590 381 3639 vel
404 3591 742 3641 necessitate.
776 3597 824 3645 3.
846 3594 889 3642 si
913 3609 1010 3644 non
1035 3603 1136 3646 tam
1156 3597 1355 3647 confer-

301 3671 381 3716 tur
425 3670 593 3732 gratia
631 3684 782 3735 quam
820 3670 1065 3722 refertur.
1095 3680 1146 3725 4.
1178 3677 1222 3725 si
1253 3692 1382 3727 non·

302 3751 534 3808 tempore
554 3762 614 3796 ac
635 3749 748 3798 loco
765 3757 1077 3814 opportuno.
1110 3758 1158 3803 5.
1182 3755 1223 3802 si
1243 3757 1354 3804 nul-

299 3821 347 3870 la
371 3823 474 3873 sint
497 3824 653 3873 animi
679 3825 913 3876 benevoli
936 3827 1101 3892 signa.
1133 3834 1183 3879 6.
1206 3832 1354 3880 sires

298 3899 397 3949 sint
422 3902 568 3951 viles.
858 3932 867 3942 ·

358 3987 379 4011 ²
412 3980 497 4028 Ex
533 3981 758 4044 tempore]
793 3983 1072 4044 Eleganter
1097 3983 1356 4034 Ausonius

300 4053 484 4119 Epigr.
530 4070 729 4108 Lxxxt.
774 4058 791 4085 ‘
811 4059 998 4108 Gratia
1041 4076 1156 4125 qnae
1207 4062 1354 4123 tarda

301 4138 396 4186 est,
421 4134 627 4196 ingrata
650 4141 733 4183 est
756 4136 954 4206 gratia3
981 4151 1197 4203 namque
1222 4138 1353 4188 Cum

300 4205 412 4265 fieri
455 4220 721 4273 properat,
763 4212 928 4274 gratia
964 4223 1112 4274 grata
1165 4216 1361 4279 magis.’

307 4281 372 4331 Et
392 4287 596 4337 aliunde
616 4297 792 4339 notum
818 4289 998 4352 illud,'‘
1017 4292 1109 4343 Bis
1134 4293 1243 4356 dat,
1267 4298 1354 4358 qui

1438 2370 1614 2434 capite
1663 2371 1883 2421 Caesaris
1934 2369 2236 2429 benefitium
2293 2370 2496 2419 extollit

1439 2448 1550 2499 Cic.
1571 2448 1801 2513 Philipp.
1826 2461 1910 2498 111.
1933 2449 1960 2512 ς
1984 2452 2031 2498 3.
2056 2447 2072 2476 ⁴
2095 2448 2156 2498 C.
2174 2448 2349 2509 Qaesar
2369 2447 2492 2497 ado·
2571 2508 2577 2515 ἡ

1438 2527 1661 2587 lescens,
1684 2541 1829 2590 paene
1848 2527 2019 2589 potius
2034 2540 2181 2589 puer,
2204 2524 2491 2575 incredibili

1438 2617 1498 2653 ac
1520 2604 1696 2652 divina
1732 2603 1949 2668 quadam
1988 2611 2163 2653 mente
2197 2612 2351 2668 atque
2390 2604 2491 2652 vir-

1436 2686 1568 2736 tute,
1593 2688 1701 2730 tum
1733 2696 1847 2730 eum
1873 2682 2094 2730 maxime
2117 2674 2261 2729 furor
2283 2678 2492 2731 arderet

1440 2759 1675 2822 Antonii,
1718 2773 1937 2821 cumque
1991 2759 2101 2821 ejus
2139 2772 2168 2806 a
2212 2756 2491 2807 Brundisio

1440 2833 1663 2886 crudelis
1679 2844 1733 2886 et
1752 2831 1969 2899 pestifer
1982 2834 2177 2884 reditus
2201 2834 2494 2895 timeretur,

1441 2928 1541 2964 nec
1566 2913 1967 2977 postulantibus,
2001 2927 2099 2962 uec
2122 2911 2492 2976 cogitantibus,

1439 3005 1539 3040 nec
1575 2991 1902 3053 opinantibus
1932 2988 2139 3053 quidem
2174 2989 2337 3050 uobis,
2372 2990 2494 3054 quia

1436 3065 1551 3116 fieri
1601 3080 1746 3130 posse
1790 3080 1892 3115 uon
1938 3067 2225 3126 videbatur,
2266 3064 2491 3116 firmissi-

1437 3156 1574 3193 mum
1600 3144 1887 3193 exercitum
1922 3142 2114 3194 invicto
2138 3158 2327 3207 genere
2350 3140 2493 3193 ⁴vete·

1438 3235 1677 3270 ranorum
1710 3221 1928 3271 militum
1956 3223 2295 3285 comparavit,
2330 3223 2496 3286 patri·

1437 3299 1759 3363 moniumque
1786 3313 1930 3348 suum
1963 3297 2168 3349 effudit:
2207 3314 2493 3364 quanquam

1438 3389 1541 3424 non
1570 3390 1745 3424 sumus
1775 3378 1851 3425 usi
1887 3391 1949 3425 eo
1975 3377 2132 3426 verbo
2165 3392 2264 3441 quo
2289 3377 2492 3435 decuit3

1439 3467 1542 3502 non
1567 3454 1701 3501 enim
1727 3451 1933 3512 effudit,
1970 3455 2061 3503 sed
2079 3457 2137 3502 'iu
2164 3455 2291 3519 reip.
2326 3455 2492 3504 salute

1440 3528 1755 3579 collocavit.’
2334 3520 2344 3536 '

1502 3605 1527 3639 δ
1566 3609 1687 3656 Cum
1707 3607 1853 3656 celeri
1873 3621 1967 3656 non
1979 3595 2187 3672 possent]
2222 3607 2494 3659 Quomodo

1438 3683 1665 3732 Didonis
1689 3686 1908 3746 gratiam
1946 3690 2230 3747 exaggerat
2252 3683 2437 3733 AEneas
2461 3685 2496 3733 l.

1436 3773 1474 3808 ι.
1514 3762 1713 3811 AEneid.
1745 3761 1762 3789 ⁴
1791 3760 1839 3811 Ο
1887 3763 1998 3809 sola
2041 3759 2281 3809 infandos
2324 3760 2494 3823 Trojae

1438 3837 1683 3886 miserata
1707 3837 1928 3897 labores,
1950 3837 2081 3888 Quae
2101 3851 2212 3896 nos,
2233 3837 2493 3900 relliquias

1435 3914 1698 3974 Danaum,
1735 3921 1994 3978 terraeque
2026 3913 2279 3978 marisque
2313 3913 2494 3963 Omni·

1439 3988 1533 4039 bus
1572 3992 1849 4040 exhaustos
1876 3991 1986 4054 jam
2022 3990 2238 4052 casibus,
2267 3992 2491 4039 omnium

1437 4081 1648 4131 egenos,
1689 4067 1851 4123 Urbe,
1889 4067 2281 4128 domossocias!
2315 4073 2490 4129 grates

1437 4146 1737 4208 persolvere
1772 4144 1953 4209 dignas
1990 4143 2108 4194 Non
2141 4145 2251 4206 opis
2284 4150 2366 4192 est
2401 4157 2490 4193 no·

1439 4222 1573 4270 trael
