3020 4942
1082 366 1181 415 nn
1229 365 1609 427 ona-rous,
1653 367 1705 416 1.
1744 351 1852 415 60.
2421 353 2556 419 939

355 512 888 596 magnitudine&
949 512 1089 577 Sed
1121 532 1271 590 nos,
1319 531 1455 576 non
1490 510 1652 594 quid
1681 513 1877 575 nobis
1908 511 2096 589 utile,
2127 529 2355 576 verum
2387 514 2551 596 quid

361 616 618 681 oratori
664 615 1114 680 necessarium
1166 616 1282 694 sit,
1315 615 1717 698 quaerimus:
1771 633 2182 700 quanquam,
2234 616 2551 699 quoniam

359 718 576 785 multa
605 719 695 783 ad
729 719 1013 783 oratoris
1041 718 1541 783 similitudinem
1585 719 1673 783 ab
1703 737 1842 783 uno
1877 717 2136 783 artifice
2167 720 2551 795 sumimus?

358 821 536 886 solet
573 820 746 884 idem
780 819 1075 885 Roscius
1092 829 1132 856 ¹*
1163 821 1407 898 dicere,
1450 841 1550 899 se,
1583 842 1720 906 quo
1752 822 1904 904 plus
1948 821 2079 884 sibi
2110 822 2328 885 aetatis
2357 840 2552 886 acce·-

355 924 593 998 deret,¹
643 945 724 988 eo
756 923 1080 989 tardiores
1111 925 1454 990 tibicinisy
1481 925 1739 1003 modos,
1771 932 1842 989 et
1869 930 2107 990 cantus
2137 924 2551 989 remissiores

356 1043 514 1091 esse
550 1027 901 1092 facturum.
992 1025 1192 1106 Quod
1224 1028 1287 1093 si
1317 1028 1451 1106 ille,
1492 1029 1846 1094 astrictus⁸
1891 1035 2072 1092 certa
2103 1026 2401 1111 quadam
2429 1048 2549 1091 nu-

353 1147 686 1195 merorum
715 1129 1165 1195 moderatione
1210 1137 1278 1194 et
1304 1130 1575 1214 pedum,
1605 1136 1822 1196 tamen
1851 1129 2106 1214 aliquid
2137 1128 2223 1193 ad
2254 1130 2549 1212 requiem

351 1233 710 1297 senectutis
732 1232 1127 1315 excogitat,⁸
1156 1239 1408 1318 quanto
1435 1234 1702 1298 facilius
1731 1253 1858 1298 nos
1883 1252 2009 1299 non
2033 1233 2266 1298 laxare
2289 1232 2548 1308 modos,

353 1334 478 1397 sed
511 1338 693 1398 totos
734 1342 993 1397 mutare
1024 1337 1428 1418 possumus?
1451 1346 1483 1372 ⁰
1567 1336 1720 1401 255.
1768 1333 2010 1418 Neque
2042 1336 2214 1400 euim
2242 1333 2369 1398 hoc
2392 1341 2420 1370 ²
2459 1341 2549 1409 te,

351 1435 629 1514 Crasse,
643 1436 838 1513 fauit,
856 1456 1057 1521 quam
1080 1438 1292 1502 multa
1310 1438 1468 1518 sint,
1490 1444 1561 1504 et
1581 1457 1783 1523 quam
1802 1439 1988 1503 varia
2005 1455 2248 1521 genera
2265 1437 2550 1515 dicendi,

349 1544 424 1601 et
454 1538 636 1622 qnod
666 1537 849 1602 haud
879 1539 1116 1617 sciam,
1149 1558 1236 1603 an
1268 1546 1340 1604 tu
1383 1541 1644 1623 primus
1676 1542 2105 1619 ostenderis:
2147 1541 2265 1625 qui
2282 1538 2548 1624 jamdiu

345 1640 571 1705 multo
596 1640 769 1705 dicis
799 1641 1148 1712 remissius
1178 1647 1244 1706 et
1288 1643 1527 1721 leniuS,
1568 1662 1771 1729 quam
1812 1635 2121 1709 solebas:
2167 1663 2385 1727 neque
2424 1644 2544 1707 mi-

343 1761 484 1807 nus
529 1741 679 1808 haec
724 1748 948 1808 tamen
995 1753 1114 1809 tua
1142 1747 1522 1827 gravissimi
1552 1747 1880 1811 sermonis
1908 1747 2165 1823 lenitaS,
2197 1767 2397 1829 quam
2427 1745 2549 1811 illa

348 1865 617 1911 summa
645 1847 751 1912 vis
782 1853 852 1911 et
884 1849 1222 1913 contentio
1261 1850 1583 1934 probatur
1607 1870 1622 1910 ε
1644 1857 1664 1897 ³
1711 1850 2038 1933 multique
2077 1856 2376 1914 oratores
2405 1849 2550 1919 fue-

344 1954 522 2026 runt,
573 1956 654 2013 ut
697 1949 887 2014 illum
928 1950 1315 2033 Scipionem
1354 1952 1686 2028 audimus,
1729 1959 1796 2017 et
1824 1951 2132 2028 Laelium,
2173 1954 2290 2036 qui
2318 1951 2547 2016 omnia

341 2071 659 2117 sermone
713 2051 1122 2118 conficerent
1171 2055 1375 2138 paulo
1430 2055 1798 2132 intentiore,
1857 2074 2218 2139 nunquam,
2271 2063 2347 2120 ut
2401 2054 2543 2119 Ser.

414 2264 445 2289 ¹·
484 2255 603 2306 Vide
622 2269 682 2304 ne
712 2268 824 2318 spu
855 2258 907 2303 et
925 2252 1133 2313 soum
1154 2253 1288 2315 felix
1308 2254 1363 2304 id
1382 2251 1574 2315 fociant
1602 2259 1651 2304 et
1683 2259 1969 2305 senectutem
1988 2254 2193 2314 facilius
2227 2271 2259 2305 a
2290 2254 2547 2305 sotitodine

341 2319 605 2371 vindicent.
707 2355 719 2363 .

410 2392 436 2418 ν
472 2385 706 2441 Quoniam
741 2379 797 2432 in
828 2381 1048 2445 patrimis
1083 2382 1223 2431 rebus
1247 2395 1353 2445 qua
1390 2383 1631 2446 pertinent
1664 2384 1727 2432 od
1766 2387 2000 2434 oratorem
2033 2384 2342 2447 explicandis,
2364 2384 2546 2435 utimur

351 2451 586 2566 tangus
605 2457 655 2501 et
674 2447 1148 2500 similitudinibus-b
1169 2449 1324 2499 eodem
1346 2449 1549 2515 artifice,
1567 2463 1732 2513 nempe
1753 2449 1948 2510 Roscio,
1965 2450 2136 2507 ductis.
2207 2491 2210 2498 .

410 2521 447 2550 ¹⁰
527 2517 635 2566 edes
655 2531 713 2563 oe
734 2529 951 2563 numeros
983 2510 1210 2562 meionis
1229 2527 1324 2561 non
1344 2519 1531 2563 tantum
1551 2516 1773 2563 lentiores
1794 2518 1842 2564 et
1863 2515 2113 2565 sobitiores
2133 2513 2301 2573 facere
2332 2530 2417 2563 nos
2434 2528 2544 2577 pos-

338 2594 523 2644 simus,
545 2581 629 2644 qui
653 2590 707 2628 ιιι
725 2579 876 2643 po'e'toe
896 2586 944 2629 et
965 2578 1220 2627 histriones
1249 2581 1458 2628 numeris
1489 2580 1638 2628 certis
1666 2594 1724 2628 ec
1744 2578 1896 2629 nodis
1914 2581 2101 2629 astricti
2122 2594 2213 2629 non
2234 2594 2396 2629 snmus
2408 2596 2429 2637 ‚-
2457 2581 2543 2630 sed

344 2652 498 2697 totam
517 2645 744 2695 orationis
761 2644 1175 2703 conformationem
1196 2647 1380 2693 mutare
1395 2646 1457 2694 ad
1478 2645 1726 2694 levandum
1743 2645 1933 2694 dicendi
1953 2645 2172 2695 laborem.

412 2717 441 2743 Ι
475 2708 615 2768 Quod
635 2716 690 2760 tu
700 2709 917 2772 fortasse
934 2710 1119 2774 primas
1140 2707 1409 2757 ostendisti.
1512 2754 1521 2759 .

1263 2830 1626 2854 ΟΝΜΜ

410 2910 552 2964 Ου’.
578 2925 673 2963 Lx.
716 2914 743 2962 1
770 2910 953 2963 Lamb.
969 2925 1058 2975 ap.
1077 2910 1244 2961 orell.
1265 2910 1468 2961 accedet.
1532 2908 1683 2972 Mox,
1700 2911 1930 2961 tardioris
1949 2911 2058 2962 Eri.
2080 2914 2224 2963 1.--2
2257 2910 2436 2963 Lamb.
2456 2925 2544 2975 ap.

313 2996 320 3001 ·
342 2978 516 3030 uren.
531 2979 728 3027 omittit
746 2978 850 3027 hoc.
891 2978 1106 3038 Mox,id
1127 2979 1248 3040 quod
1271 2978 1399 3026 hand
1413 2977 1560 3027 seiam
1575 2977 1785 3027 Scbntz·
1807 2984 1862 3039 et
1883 2978 2049 3031 Oreii.
2070 2977 2136 3027 de
2158 2980 2298 3042 conj.
2320 2978 2541 3028 Heusin-

344 3059 456 3107 ger.
498 3052 514 3073 ‘
534 3044 633 3092 Vei
651 3043 923 3102 tegendum
948 3051 1031 3092 est
1051 3057 1165 3092 cnm
1195 3043 1443 3091 Lambino
1462 3044 1584 3106 quod
1605 3043 1731 3092 haud
1745 3043 1910 3105 sciam,
1925 3042 2100 3092 deleto
2113 3048 2160 3092 et
2174 3059 2195 3101 ,·
2221 3045 2319 3098 vei,
2334 3042 2383 3092 id
2404 3043 2538 3106 quod

342 3109 508 3170 magis
550 3109 742 3171 piacet,
768 3112 911 3171 atque
942 3108 1070 3158 hund
1102 3104 1281 3157 oetam:
1317 3107 1502 3158 Pearc.
1568 3107 1775 3157 Ernesti
1812 3108 1958 3158 mant
1995 3108 2134 3171 idque
2166 3110 2292 3157 houd
2313 3110 2543 3157 sciam.—

341 3177 375 3223 8
409 3176 521 3226 Eri·
545 3180 594 3225 l.
624 3174 777 3241 pauci
798 3173 952 3224 codd.
975 3189 1061 3237 ap.
1080 3173 1263 3237 Steph.
1288 3182 1344 3223 et
1365 3173 1576 3224 Schntz.
1593 3173 1899 3238 probabatur.
1964 3174 2113 3237 Mox,
2130 3174 2393 3224 audivimus
2413 3188 2539 3225 non-

1338 3314 1552 3369 No'rAE

406 3434 435 3460 ¹
467 3424 601 3475 Solet
620 3424 745 3474 idem
763 3422 984 3487 Roscius]
1022 3422 1255 3473 Probare
1278 3438 1399 3472 con·
1482 3439 1662 3475 vocem
1712 3434 2016 3490 gestumque
2072 3425 2537 3477 accommodarent.

341 3504 515 3555 tendit
548 3512 804 3553 oratorem
832 3503 964 3566 juris
996 3503 1159 3552 civilis
1195 3502 1400 3563 imperi·
1481 3499 1667 3565 Itaque
1692 3502 1907 3551 Roscius
1931 3501 2141 3551 dicebat
2163 3517 2239 3558 se,
2262 3516 2379 3552 cum
2400 3504 2539 3552 seni·
2624 3518 2630 3533 ·

338 3593 471 3637 tum,
504 3594 793 3645 quanquam
836 3580 903 3628 sit
937 3593 1117 3642 senex,
1145 3592 1244 3625 non
1281 3577 1421 3626 ideo·
1479 3589 1541 3626 or
1561 3575 1720 3641 foret,
1754 3592 1817 3628 ac
1854 3576 2075 3642 proinde
2107 3578 2297 3629 lentius
2325 3588 2539 3630 caneret

339 3656 685 3708 deserendum
731 3663 788 3704 et
826 3654 1104 3704 solitudine
1139 3653 1398 3702 laboratu·
1478 3667 1540 3701 ac
1558 3652 1815 3702 remissius
1833 3661 2031 3716 ageret,
2048 3653 2537 3720 adhibiturum‘quo-

340 3749 451 3785 rum
475 3747 610 3784 esse.
679 3732 872 3782 Causas
904 3731 1040 3779 euim
1076 3738 1197 3792 aget
1220 3737 1399 3779 orator
1477 3743 1578 3793 que
1613 3728 1880 3777 tibicinem
1914 3728 2203 3792 lentiorem,
2234 3729 2322 3794 qni
2359 3732 2537 3782 modos

335 3827 517 3873 senex,
540 3809 634 3860 sed
660 3808 916 3857 remissius
939 3816 1108 3857 tamen
1136 3816 1189 3856 et
1213 3808 1398 3865 lenius,
1478 3805 1735 3855 tardiores
1758 3806 1974 3855 faceret.

334 3898 394 3940 ut
419 3887 639 3937 Roscius
661 3885 778 3950 jam
814 3883 988 3934 senior
1027 3884 1218 3947 agebat
1249 3882 1395 3933 fabu-
1542 3889 1565 3915 ⁸
1597 3879 1686 3931 Ille
1723 3881 1972 3946 astrictus]
2006 3879 2200 3932 Versus
2245 3883 2403 3947 enim,
2445 3886 2536 3950 qui

332 3962 411 4014 las
454 3961 777 4013 moderatius
817 3967 873 4010 et
907 3959 1092 4010 minori
1137 3962 1395 4010 contenti·
1476 3959 1766 4023 recitantur
1787 3958 1852 4006 ab
1876 3967 2047 4008 actore
2070 3958 2355 4022 comoedia»,
2374 3962 2534 4011 certis

334 4055 454 4091 one.
511 4036 519 4045 ⁸
1214 4034 1219 4039 ’
1478 4036 1700 4099 pedibus
1723 4051 1784 4086 ac
1807 4036 2031 4085 numeris
2051 4037 2256 4086 astricti
2281 4046 2421 4086 sunt.

263 4170 268 4177 ,
396 4126 422 4161 5
459 4118 535 4167 Eo
574 4115 809 4165 tardiores
853 4111 1089 4176 tibicinis]
1141 4110 1397 4173 Solebant
1540 4119 1565 4145 ⁸
1596 4110 1884 4176 Est-cogitat]
1921 4110 2145 4175 Nempe,
2185 4121 2243 4161 ut
2280 4115 2535 4165 remissio·

332 4193 613 4246 histriones
636 4205 753 4241 com
776 4189 1013 4256 dicerent
1040 4190 1121 4239 vel
1154 4199 1395 4255 agerent,
1476 4203 1584 4239 rem
1619 4188 1887 4238 tibicinem
1907 4188 2005 4240 sibi
2035 4198 2284 4256 apponat,
2307 4206 2373 4242 ne
2397 4194 2531 4243 seni·

334 4269 581 4325 adbibere
614 4267 897 4323 tibicinem,
926 4266 997 4317 ad
1031 4267 1180 4332 cuius
1215 4269 1396 4320 modos
1472 4265 1538 4318 lis
1561 4266 1661 4318 vox'
1684 4264 1904 4317 laboret.
2059 4259 2065 4265 ’
