3020 4942
977 364 1073 415 nn
1122 365 1502 431 ouA'roas,
1550 367 1599 414 1.
1646 352 1752 417 15.
2339 355 2469 421 847

295 510 390 575 66.
436 508 537 573 Ita
578 506 639 574 si
671 506 756 574 de
785 528 855 573 re
885 509 1155 575 militari
1195 509 1555 577 dicendum
1585 512 1744 576 huic
1775 512 1901 577 erit
1930 511 2257 597 Sulpicio,
2288 534 2471 598 quae·

300 618 390 677 ret
418 631 458 674 a
488 609 566 674 C.
597 609 819 675 Mario
850 609 1030 676 affini
1061 618 1314 690 nostro,
1346 620 1434 689 et,
1465 633 1618 678 cum
1650 616 2020 697 acceperit,
2052 616 2154 681 ita
2184 636 2475 699 pronun-

298 714 496 787 tiabit,
523 720 596 777 ut
625 712 758 797 ipsi
789 712 866 777 C.
901 713 1174 778 Marioss
1219 734 1415 797 paene
1443 715 1553 779 hic
1587 715 1844 793 melius,
1876 703 2078 801 quam
2110 720 2280 801 ipse,
2309 719 2426 784 illa
2447 727 2471 768 ⁵

297 817 448 880 scire
505 814 842 882 videatur:
891 816 999 879 sin
1058 815 1142 880 (16
1190 818 1346 900 jure
1387 818 1573 881 civili
1592 837 1629 897 ;-
1655 823 1876 883 tecum
1923 821 2472 901 communicabit,

299 925 482 1000 teque
534 917 869 984 hominem
928 919 1542 1002 prudentissimum,
1603 927 1670 985 et
1722 921 2201 1003 peritissimum
2255 922 2324 987 in
2385 924 2474 988 iis

300 1020 454 1103 ipsis
496 1021 727 1098 rebuS,
782 1041 955 1104 quas
1008 1022 1133 1086 abs
1186 1028 1250 1087 te
1298 1022 1631 1102 didicerit,
1685 1023 1958 1103 dicendi
2005 1030 2148 1089 arte
2198 1044 2478 1107 supera-

296 1121 417 1185 bit:
466 1123 570 1187 67.
616 1122 722 1187 sin
753 1142 906 1205 quae
937 1120 1088 1186 res⁶
1131 1122 1460 1200 inciderit,
1487 1125 1559 1188 in
1590 1144 1727 1209 qua
1771 1123 1853 1189 de
1884 1124 2263 1214 natura,.de
2295 1125 2477 1194 vitiis

297 1222 640 1303 hominum,
687 1223 771 1288 (16
822 1225 1330 1308 cupiditatibus,
1375 1227 1458 1288 de
1501 1225 1723 1304 modo,
1780 1224 1863 1289 (16
1920 1226 2347 1305 continentia,
2393 1228 2479 1294 de

300 1323 533 1403 dolore,
556 1326 644 1390 (16
674 1332 881 1390 morte
911 1326 1268 1390 dicendum
1292 1327 1405 1405 sit,
1428 1326 1729 1406 forsitan,
1758 1329 1816 1392 si
1848 1329 1913 1392 ei
1932 1329 2024 1393 sit
2042 1329 2288 1406 visum,
2318 1331 2481 1408 (etsi

298 1426 429 1496 haec
458 1429 727 1512 quidem
758 1448 961 1494 nosse
1012 1428 1207 1492 debet
1238 1432 1517 1507 orator,)
1546 1450 1700 1512 cum¹
1728 1429 2305 1516 Sex..Pompeio,¹¹
2334 1452 2482 1497 eru·

298 1529 423 1595 dito
453 1531 717 1595 homine
748 1531 817 1596 in
850 1530 1304 1615 philosophia,
1354 1532 1899 1600 communicarit:
1947 1536 2078 1599 hoc
2126 1535 2432 1617 profecto
2454 1544 2480 1586 ⁷

298 1634 542 1713 efficiet,
571 1642 645 1700 ut
675 1655 1167 1720 quamcumque
1198 1653 1339 1700 rem
1370 1623 1414 1702 a
1445 1655 1710 1719 quoque
1740 1638 2064 1719 cognorit,
2089 1638 2173 1701 (16
2203 1657 2286 1702 ea
2314 1638 2481 1701 mul-

299 1746 361 1801 to
387 1737 566 1803 dicat
595 1738 918 1816 ornatius,
952 1758 1156 1822 quam
1200 1739 1316 1803 ille
1362 1739 1535 1822 ipse,
1569 1738 1746 1802 unde
1775 1739 2100 1822 cognorit.
2189 1739 2296 1807 68.
2342 1739 2482 1805 Sed

298 1838 349 1902 si
394 1847 497 1903 me
541 1839 855 1914 audierit,
891 1841 1200 1923 quoniam
1248 1839 1688 1923 philosophia
1719 1841 1791 1903 in
1821 1848 1959 1905 tres
1991 1848 2210 1925 partes
2240 1846 2342 1906 est
2370 1841 2481 1905 tri-

299 1941 499 2021 buta,⁸
555 1944 621 2007 in
670 1949 920 2006 naturae
969 1942 1471 2021 obscuritatem,
1501 1943 1572 2005 in
1614 1942 1987 2008 disserendi
2019 1945 2484 2036 subtilitatem,

302 2043 364 2105 in
392 2045 597 2109 vitam
620 2048 831 2129 atque
862 2064 1080 2110 mores
1101 2058 1164 2126 3⁸
1207 2045 1339 2111 duo
1372 2045 1533 2110 illa*
1563 2046 2046 2129 relinquamuS,
2076 2055 2279 2131 atque
2300 2055 2329 2100 ⁹
2356 2047 2484 2112 lar-

355 2252 380 2286 8
411 2246 468 2323 ‚¹¹⁸
487 2248 733 2313 physicam
767 2262 872 2310 quae
892 2246 1089 2298 obscura
1111 2250 1204 2310 est,
1237 2246 1290 2297 ia
1311 2246 1608 2296 dialecticam
1639 2261 1745 2312 quoe
1777 2246 1986 2304 subtilis,
2015 2246 2067 2297 in
2089 2246 2311 2297 moralem
2328 2246 2486 2311 plu'lo-

300 2311 549 2425 scalenga-⁹
566 2378 751 2441 pn’ores
768 2381 949 2439 partes.

1233 2454 1587 2477 OOOOOOOOOOOO

303 2561 435 2612 Idem
457 2564 622 2614 codex
661 2562 816 2628 paulo
853 2570 991 2626 post,
1020 2564 1070 2613 in
1106 2578 1390 2627 quacumque
1422 2568 1588 2613 re.—-6
1623 2563 1734 2613 Erl.
1756 2568 1807 2613 2.
1844 2563 2018 2613 Oxou.
2052 2563 2121 2623 U,
2158 2563 2310 2613 Rom.
2346 2561 2489 2616 Kob.

303 2626 436 2678 Junt.
459 2630 615 2678 Grut.
647 2638 704 2678 et
739 2631 914 2692 vulgg.
949 2631 1048 2693 ipse
1078 2630 1194 2686 ium
1228 2629 1401 2678 Oxou.
1422 2628 1537 2690 Ζγ,
1568 2628 1672 2691 ipso
1694 2629 1815 2686 itan,-
1850 2629 2038 2677 Pearc.
2073 2629 2192 2691 ipse,
2229 2630 2316 2677 illo
2334 2631 2489 2687 scire,-

303 2692 487 2744 Palatt.
511 2695 723 2751 Gallici,
745 2693 898 2745 Joan.
935 2694 1081 2743 Harl.
1107 2698 1152 2742 1.
1172 2698 1219 2742 2.
1254 2693 1404 2757 Wag.
1441 2694 1584 2755 Mag.
1620 2693 1791 2742 Gonv.
1815 2694 1969 2743 Cant.
2005 2692 2156 2742 Norf.
2180 2694 2287 2741 Erl.
2312 2696 2359 2743 1.
2391 2693 2492 2759 ipse

303 2757 395 2808 illa.
462 2762 607 2817 Mox,
630 2766 679 2810 te
701 2760 931 2809 hominem
950 2760 1122 2809 Oxou.
1146 2758 1192 2806 U
1215 2774 1254 2818 γ
1273 2761 1452 2809 tta—6
1486 2758 1643 2806 Grut.
1668 2766 1723 2807 et
1749 2759 1923 2823 vulgg.
1944 2758 2022 2807 sin
2050 2773 2143 2820 qua
2164 2772 2275 2814 res,·
2308 2758 2416 2806 Erl.
2442 2762 2490 2805 1.

303 2823 370 2870 tin
386 2839 484 2886 quoe
514 2841 606 2875 res.
675 2825 827 2887 Mox,
861 2824 1092 2873 hominem
1122 2823 1275 2873 deest
1306 2825 1360 2874 in
1385 2824 1728 2884 Oxon.7.-—7
1762 2824 1778 2851 ‘
1807 2824 1895 2873 Sic
1936 2822 2200 2885 rescripsit
2236 2830 2291 2871 et
2328 2822 2490 2870 inter·

307 2890 478 2947 punxit
499 2891 709 2940 Ernesti
734 2904 765 2939 6
788 2890 904 2940 cod.
929 2890 1038 2939 Erl.
1061 2890 1143 2939 ed.
1163 2903 1206 2937 s.
1228 2890 1264 2938 1.
1282 2897 1339 2938 et
1361 2903 1409 2938 a.
1433 2895 1489 2938 et
1512 2888 1656 2952 Lips.
1678 2887 1982 2953 quibuscum
2013 2889 2350 2937 consentiunt
2371 2885 2496 2935 edd.

307 2952 443 3005 Rom.
458 2965 512 3004 et
536 2954 678 3006 Kob.
749 2955 855 3005 Sed
880 2954 987 3004 Etl.
1009 2958 1059 3004 2.
1080 2953 1202 3004 cdd.
1236 2955 1386 3006 Junt.
1409 2954 1594 3004 Pearc.
1615 2962 1670 3002 et
1703 2954 1915 3019 reliquas
1934 2953 2311 3003 communicabit.
2381 2952 2493 3002 Hoc

302 3019 414 3077 prof.
481 3021 629 3069 Idem
657 3019 862 3069 Ernesti
886 3020 1130 3082 conjecit,
1151 3020 1308 3069 etiam
1329 3021 1569 3082 copulam
1588 3018 1841 3068 excidisse
1867 3027 1986 3067 ante
1997 3018 2229 3077 forsitan,
2249 3015 2495 3081 quemad·

309 3085 495 3132 modum
523 3088 591 3135 sit
614 3088 665 3136 in
693 3086 860 3147 primo
883 3086 1139 3150 exemplo,
1160 3093 1215 3134 et
1234 3092 1398 3135 totum
1419 3083 1535 3133 fore
1558 3085 1845 3147 huJusmodi
1873 3101 1887 3133 z
1924 3084 2015 3133 Sin
2035 3097 2139 3146 quoe
2152 3083 2383 3132 inciderit
2401 3114 2415 3129 .
2437 3115 2451 3130 .
2477 3115 2493 3132 .

308 3148 580 3206 etsorsitan,
601 3152 645 3200 εἰ
666 3152 711 3207 ei
729 3151 799 3199 sit
816 3150 968 3198 cisum
983 3180 996 3196 .
1011 3182 1027 3198 .
1053 3165 1184 3200 .cum
1203 3183 1217 3198 .
1241 3183 1256 3198 .
1279 3185 1294 3201 .
1318 3151 1703 3207 communicarit:
1736 3150 1822 3198 Ιιοο
1852 3148 1979 3211 prof.
2048 3148 2217 3211 Idem,
2233 3149 2249 3176 ‘
2275 3155 2494 3212 praeter-

309 3214 399 3274 ea‚'
418 3215 604 3278 inquit,
621 3224 636 3246 ‘
653 3214 775 3264 edd.
796 3224 931 3264 vett.
959 3215 1034 3264 uti
1057 3216 1214 3265 etiam
1238 3215 1408 3273 Oxou.
1429 3218 1482 3271 β,
1508 3215 1656 3263 Rom.
1677 3221 1732 3264 et
1755 3214 1892 3264 Kob.
1914 3213 2109 3262 habent
2133 3229 2331 3276 quoquo,
2356 3210 2495 3276 quod

310 3282 490 3328 servari
526 3288 753 3344 poterat,
790 3289 849 3329 ut
880 3281 1096 3342 cognorit
1130 3279 1313 3330 eadem
1349 3280 1416 3328 de
1454 3294 1629 3335 causa,
1665 3279 1803 3344 quod
1838 3288 2007 3328 tamen
2051 3279 2178 3326 nihil
2212 3276 2407 3328 refert:
2442 3283 2498 3325 et

312 3345 453 3404 paulo
478 3355 597 3408 post
620 3361 800 3395 omnes
823 3344 1077 3408 cognorit)
1096 3344 1112 3367 '
1142 3345 1393 3395 Πανὶ-8
1431 3345 1494 3393 In
1521 3345 1695 3394 Oxou.
1717 3363 1759 3406 ε,
1782 3352 1935 3409 atque
1977 3345 2032 3393 in
2055 3344 2162 3393 Erl.
2187 3347 2232 3392 1.
2264 3358 2295 3391 a
2330 3342 2498 3407 prima

312 3422 452 3458 manu
472 3411 650 3461 tributa
669 3426 690 3467 ‚⁶
722 3411 811 3460 sed
851 3410 1262 3474 superscriptum
1286 3419 1365 3458 est
1385 3412 1462 3460 dis
1477 3426 1499 3469 ,-
1533 3411 1640 3460 Erl.
1665 3412 1714 3459 2.
1738 3410 1889 3458 Rom.
1924 3408 2060 3458 Kob.
2093 3409 2243 3460 Junt.
2268 3408 2424 3458 Grut.
2444 3413 2501 3456 et
2541 3459 2548 3464 ,

314 3475 473 3537 vnlgg.
512 3478 889 3537 distributa.—-9
921 3475 1042 3527 Ald.
1074 3474 1222 3537 Junt.
1259 3476 1416 3526 Grut.
1455 3483 1510 3525 et
1555 3476 1726 3537 vulgg.
1760 3475 1935 3537 idque‚·
1966 3474 2120 3523 Cant.
2157 3473 2311 3522 Harl.
2354 3477 2402 3522 1.
2443 3476 2498 3525 2.

311 3536 450 3603 Wag.
484 3541 601 3593 Bal.
640 3543 780 3593 Nov.
817 3542 991 3593 Gonv.
1024 3541 1169 3606 Mag.
1204 3541 1359 3593 Joan.
1395 3541 1506 3590 Erl.
1531 3544 1579 3589 1.
1611 3544 1661 3590 2.
1696 3541 1848 3589 Rom.
1879 3538 2020 3590 Καὶ).
2054 3537 2270 3588 Mediol.
2308 3538 2499 3589 venet.

1288 3703 1333 3752 Ν
1344 3701 1501 3753 01·AE

373 3801 397 3839 κ
432 3796 488 3843 C.
511 3794 699 3859 Mario]
741 3794 844 3844 Hic
867 3795 956 3843 ille
975 3799 1054 3843 est
1079 3793 1139 3858 C.
1161 3791 1361 3841 Marius
1445 3789 1598 3855 Apud
1621 3790 1921 3840 Sallustium
1956 3789 2074 3839 dum
2107 3788 2351 3852 loquitur,
2373 3788 2500 3838 artis

317 3869 525 3919 celebris
558 3873 900 3921 Romanorum
942 3869 1246 3932 imperator,
1278 3865 1364 3917 ‘in
1444 3868 1684 3916 oratoriae
1730 3866 2025 3928 imperitum
2068 3880 2127 3915 se
2180 3865 2327 3928 dicit,
2380 3872 2502 3915 eta

319 3945 443 3996 bello
465 3947 714 4003 hostibus,
752 3947 803 3996 in
841 3949 950 3997 otio
985 3945 1185 3996 civibus
1206 3942 1363 3994 infes—
1442 3943 1730 3994 Plutarcho
1765 3941 2181 4006 reprehenditur,
2203 3940 2338 4006 quod
2386 3940 2505 3997 lite,-

317 4022 550 4084 tissima,
622 4024 916 4087 quietisque
976 4020 1362 4086 impatientissi·
1444 4035 1527 4071 ras
1571 4020 1781 4069 Graecas
1820 4018 2175 4075 contemserit.
2264 4016 2504 4079 Inopiam

318 4104 452 4161 mus,'
471 4108 527 4146 ut
552 4097 713 4148 refert
739 4100 1065 4161 Pater-culus,
1087 4112 1239 4163 quem
1268 4097 1362 4146 hu·
1442 4095 1753 4159 eloquentiae
1806 4093 2161 4156 compensavit
2217 4092 2504 4143 fortitudo:

317 4173 416 4229 mili
439 4175 549 4224 loco
573 4183 747 4223 natum
773 4175 835 4223 ad
873 4175 1211 4239 amplissimos
1232 4173 1365 4238 reip,
1443 4169 1673 4222 confecit
1690 4169 1879 4219 bellum
1893 4168 2292 4233 jugurthinum
2313 4170 2506 4220 Teuto-

320 4250 640 4315 magistratus
662 4252 935 4318 singularis
971 4252 1135 4306 virtus
1169 4250 1365 4304 evexit.
1445 4263 1540 4303 nes
1562 4256 1618 4301 et
1640 4247 1933 4303 Ambrones
1967 4246 2260 4300 Germaniae
2286 4244 2504 4313 populos
2607 4280 2620 4295 ..
