3020 4942
996 359 1115 406 nn.
1141 358 1520 420 oum-ortu,
1569 360 1620 406 1.
1662 345 1726 407 4.
2358 345 2489 430 819

302 497 489 562 etiam
521 499 894 565 mirabilius
925 501 1119 565 debet
1149 502 1386 579 videri,
1417 493 1578 586 quia
1597 487 2234 568 ‚ceterarum'artium
2262 505 2489 570 studia

299 600 422 665 fere
453 603 808 686 reconditis
838 610 1040 686 atque
1073 604 1328 667 abditis
1353 626 1391 669 e
1414 605 1719 669 fontibus
1749 605 2177 670 hauriuntur:
2219 606 2487 672 dicendi

302 709 507 768 autem
552 706 772 769 omnis
818 708 990 771 ratio
1033 707 1100 770 in
1142 709 1362 772 medio
1405 710 1676 791 posita,‘
1719 709 2045 772 communi
2082 710 2371 793 quodam
2417 711 2487 774 in

299 826 438 884 usu,
485 814 695 892 atque
736 810 804 872 in
851 811 1183 874 hominum
1229 832 1410 875 more
1454 820 1524 875 et
1565 831 1869 875 sermone
1911 819 2249 877 versatur:
2296 818 2369 876 ut
2415 814 2487 876 in

296 911 524 974 ceteris
564 912 634 975 id
674 914 966 976 maxime
999 914 1305 989 excellat,
1343 914 1524 997 quod
1557 914 1944 996 longissime
1980 914 2071 977 sit
2103 915 2188 977 ab
2220 915 2483 998 imperi-

297 1021 501 1076 torum
545 1016 995 1100 intelligentia
1020 1036 1354 1099 sensuque
1387 1018 1874 1101 disjunctum‚¹²
1922 1017 1991 1079 in
2039 1016 2327 1080 dicendo
2370 1036 2484 1081 au-

293 1123 418 1204 tem
465 1118 703 1183 vitium
751 1121 856 1184 vel
909 1121 1274 1184 maximum
1322 1121 1414 1183 sit
1464 1139 1507 1183 a
1559 1120 1817 1201 vulgari
1867 1138 2102 1200 genere
2154 1118 2479 1183 orationis

290 1227 477 1310 atque
507 1240 550 1284 a
576 1223 1046 1286 consuetudine
1077 1223 1446 1285 communis
1481 1241 1720 1286 sensus
1747 1222 2155 1286 abhorrere.’‘
2232 1238 2334 1283 lv.
2377 1221 2488 1287 13.

295 1318 390 1385 Ac
426 1341 504 1387 ne
543 1324 712 1389 illud
739 1324 1006 1408 quidem
1035 1342 1187 1388 vere
1217 1324 1349 1389 dici
1381 1331 1630 1407 potest,
1662 1332 1779 1389 aut
1809 1325 2035 1407 plures
2066 1324 2299 1387 ceteris
2331 1323 2488 1387 arti-

293 1423 449 1508 bus¹
502 1427 846 1502 inservire,
878 1432 993 1491 aut
1040 1425 1291 1509 majore
1332 1425 1805 1502 delectatione,
1838 1435 1957 1490 aut
1996 1446 2117 1510 spe
2160 1425 2486 1503 uberiore,

292 1533 397 1590 aut
419 1530 722 1611 praemiis
755 1529 841 1593 ad
872 1529 1377 1613 perdiscendum
1409 1529 1848 1612 amplioribus
1874 1523 2301 1593 commoveri.
2360 1526 2488 1592 At-

292 1650 429 1711 que,
460 1638 535 1696 ut
584 1634 894 1697 omittam
938 1631 1295 1711 Graeciam,
1328 1652 1480 1714 quae
1520 1651 1783 1716 semper
1814 1631 2214 1714 eloquentiae
2236 1637 2261 1665 ²
2305 1631 2488 1713 prin-

291 1753 440 1815 ceps
496 1753 653 1797 esse
697 1735 927 1813 voluit,
970 1742 1174 1818 atque
1222 1734 1378 1816 illas
1421 1734 1714 1797 omnium
1766 1733 2213 1799 doctrinarum
2261 1732 2489 1798 inven-

287 1837 525 1900 trices·
577 1835 899 1922 Athenas,
941 1838 1007 1902 in
1055 1837 1303 1921 quibus
1352 1856 1615 1901 summa
1652 1836 1925 1901 dicendi
1968 1836 2073 1901 vis
2113 1843 2180 1902 et
2220 1837 2488 1899 inventa

285 1943 379 2001 est
406 1944 471 2002 et
497 1939 875 2022 perfectat³
924 1940 991 2003 in
1022 1941 1151 2005 hac
1183 1942 1336 2023 ipsa
1359 1939 1633 2003 civitate
1658 1939 1959 2022 profecto
1984 1938 2172 2001 nulla
2194 1956 2486 2020 unquam

286 2039 761 2118 vehementiae,
786 2062 988 2125 quam
1017 2043 1426 2125 eloquentiae
1459 2041 1687 2105 studia
1718 2042 2094 2124 viguerunt.
2161 2039 2268 2103 14.
2302 2038 2485 2103 Nam

342 2231 591 2282 ‘Facilis

272 2471 375 2531 sere
388 2474 600 2524 conditis
621 2476 730 2524 Erl.
756 2481 805 2525 2.
847 2477 967 2526 solet
988 2477 1152 2528 videre
1176 2478 1349 2528 Oxou.
1374 2495 1421 2528 a.
1459 2479 1607 2533 Mox,
1627 2475 2033 2536 obditissontibus
2057 2476 2168 2525 Erl.
2200 2480 2241 2527 l.
2264 2479 2315 2524 2.
2337 2475 2487 2524 Rom.

285 2539 413 2588 Καὶ).
481 2542 655 2590 Paulo
680 2550 817 2604 post,
840 2543 1095 2592 Mullerus
1119 2543 1258 2605 conj.
1279 2544 1332 2591 iu
1354 2543 1403 2594 h.
1423 2557 1504 2592 ore
1527 2548 1577 2591 et
1597 2555 1825 2591 sermone.
1895 2542 2068 2590 Oxou.
2093 2558 2117 2588 ε
2139 2540 2315 2603 habet,
2327 2543 2485 2602 posita

282 2610 349 2652 est
377 2607 704 2668 communique
724 2641 770 2655 ..
792 2640 804 2654 .
828 2616 969 2670 atque
1009 2610 1247 2656 hominum
1280 2622 1424 2665 more,
1466 2611 1652 2655 omissa
1696 2607 2064 2669 praepositione
2100 2609 2186 2664 εἰη
2219 2606 2392 2654 Oxou.
2437 2625 2486 2663 a,

282 2673 611 2730 quodammodo
637 2687 730 2734 pro
752 2676 1103 2735 quodum—12
1138 2675 1248 2722 Erl.
1269 2677 1318 2721 2.
1338 2673 1636 2721 distinctum.
1702 2673 1851 2732 Mox,
1873 2673 2133 2719 maximum
2155 2675 2227 2719 est
2249 2670 2403 2720 Grut.
2428 2680 2485 2721 et

285 2737 445 2848 {¹¹:85
469 2752 539 2784 m.
560 2737 628 2785 sit
647 2737 799 2787 codd.
826 2736 975 2788 Norf.
1001 2738 1117 2787 Bal.
1141 2738 1276 2787 Bod.
1305 2752 1423 2787 cum
1448 2738 1569 2787 edd.
1595 2738 1731 2786 Vict.
1753 2737 1901 2788 Junt.
1923 2737 2048 2786 Asc.
2084 2735 2266 2798 steph.
2303 2735 2487 2789 Lumb.

321 2810 484 2849 ciutz.

345 2865 476 2914 cn.
504 2879 589 2914 1v.
666 2870 692 2915 1
732 2865 861 2913 Voc.
883 2866 1072 2915 artibus
1104 2867 1257 2917 abest
1282 2868 1332 2915 iu
1357 2868 1534 2918 Oxou.
1570 2883 1624 2929 γ,
1663 2866 1773 2915 Erl.
1809 2870 1854 2915 1.
1887 2870 1935 2914 2.
1974 2856 2275 2914 melioribus
2311 2864 2486 2914 Palat.

285 2926 419 2978 Pul».
447 2932 602 2979 Rom.
641 2940 694 2979 et
724 2931 862 2979 Kob.
931 2933 1076 2988 Mox,
1112 2933 1286 2982 Oxou.
1330 2934 1375 2982 U
1418 2942 1471 2981 et
1517 2933 1626 2982 Erl.
1651 2937 1698 2980 l.
1730 2946 1812 2994 spe
1844 2931 2178 2980 liberiora—2
2214 2930 2387 2980 Oxou.
2420 2930 2483 2986 Ζ.

284 2991 491 3045 Memm.
535 2996 645 3044 Erl.
683 3001 730 3044 l.
774 2999 1151 3059 eloquentia.-—3
1186 2999 1397 3047 Schutz.
1445 2999 1499 3046 iu
1544 2997 1710 3060 quibus
1744 2998 1887 3044 etiam
1927 2997 2146 3044 dicendi.
2168 3027 2181 3042 .
2206 2995 2484 3058 .persectu.·

286 3057 646 3125 Remittentur
675 3067 724 3111 et
758 3061 971 3124 perfectu
1009 3068 1099 3112 est.
1164 3064 1276 3113 Erl.
1311 3068 1363 3113 2.
1396 3063 1593 3112 inventa
1614 3069 1717 3112 est:
1751 3061 2023 3125 etpersectu
2057 3061 2109 3109 in
2140 3061 2245 3124 ipsu
2267 3061 2484 3124 civitate,

1272 3220 1319 3269 N
1328 3220 1490 3269 OTAE

284 3337 368 3391 ιω,
406 3330 502 3380 sed
547 3330 701 3395 pauci
744 3329 958 3382 fuerant
1001 3333 1338 3383 excellentes.
1422 3333 1585 3383 fuisse
1610 3332 1975 3383 Athenienses.
2040 3330 2244 3380 ‘Primi
2269 3330 2482 3381 lanificii

282 3409 346 3457 Et
367 3408 418 3457 in
441 3409 646 3457 Graecis
673 3408 880 3470 quidem
914 3409 1110 3459 heroici
1145 3409 1340 3458 Home·
1422 3418 1477 3461 et
1499 3411 1597 3460 olei
1624 3418 1679 3460 et
1704 3411 1805 3458 vini
1828 3423 1974 3458 usum
2000 3407 2245 3457 docuere.
2312 3405 2483 3456 Arare

283 3498 363 3532 rus
386 3491 594 3533 tantum
626 3492 683 3532 et
704 3483 1001 3544 Hesiodus3
1034 3486 1183 3548 lyrici
1214 3487 1339 3536 Pin-

284 3560 456 3616 darus,
481 3559 754 3609 Anacreon
773 3575 790 3620 ς
823 3560 1012 3610 comici
1034 3559 1339 3626 Aristopha-

283 3650 389 3698 nes,
410 3636 735 3696 Menander3
768 3638 951 3700 tragici
981 3639 1260 3702 Euripides
1283 3646 1338 3688 et

285 3713 564 3775 Sophocles
633 3714 979 3775 principatum
1046 3715 1336 3764 obtinuere.

284 3788 360 3836 Ex
389 3789 580 3838 Latinis
613 3797 785 3837 autem
826 3790 1029 3839 nonnisi
1055 3792 1121 3842 Q.
1141 3792 1337 3840 Ennius

282 3866 515 3916 heroicus
548 3875 603 3916 et
644 3868 889 3930 tragicus,
920 3868 1147 3916 Lucilius
1169 3869 1337 3917 satiri·

285 3956 392 4004 cus,
434 3944 656 3993 Plautus
714 3958 774 3993 ac
819 3944 1102 3993 Terentius
1146 3951 1202 3993 et
1246 3944 1335 3994 alii

282 4021 485 4082 pauculi
507 4036 691 4070 nomen
711 4036 856 4070 suum
875 4020 1317 4071 commendarant.

348 4102 371 4128 ⁸
406 4097 631 4147 Omnium
682 4099 1002 4146 doctrinarum
1035 4098 1339 4162 inventrices]

286 4173 400 4222 Non
423 4177 759 4238 ingenuarum
784 4176 955 4234 ruodo,
979 4176 1070 4223 sed
1096 4177 1252 4224 etiam
1277 4176 1336 4223 il·

286 4249 575 4301 liberalium
597 4253 786 4301 ortium
824 4249 999 4301 serunt
1040 4252 1337 4303 inventores

1423 3503 1626 3553 quoque
1655 3495 1712 3536 et
1748 3500 1924 3536 serere
1955 3483 2216 3534 frumenta
2240 3483 2481 3547 glandem

1420 3563 1757 3613 vescentibus
1820 3566 2191 3612 monstrarunt.
2290 3560 2481 3608 Literoe

1419 3647 1563 3691 certe
1584 3655 1645 3689 ac
1678 3637 1922 3689 facundia
1962 3643 2018 3684 et
2051 3636 2133 3684 liic
2160 3635 2328 3684 civilis
2351 3634 2479 3685 ordo

1419 3714 1725 3780 disciblinoe,
1769 3715 1930 3764 &eluti
1958 3713 2205 3775 templum
2244 3711 2479 3761 Athenas

1417 3791 1647 3841 habent?
1713 3791 1906 3842 Juniis.
1931 3804 1993 3838 n.
2015 3794 2065 3838 6.
2135 3788 2479 3838 Nihilominus

1419 3868 1484 3916 ab
1513 3868 1774 3925 Hebraeis,
1808 3866 2089 3929 AEgyptiis,
2114 3874 2167 3914 et
2203 3863 2477 3919 chaldaeis,

1418 3956 1561 3994 artes
1597 3943 1808 3994 fluxisse
1849 3943 1911 3990 ad
1948 3940 2291 3991 Athenienses
2336 3939 2475 4001 apud

1420 4020 1653 4069 eruditos
1690 4026 1916 4078 constat,
1955 4027 2011 4065 et
2054 4015 2267 4079 egregia
2296 4013 2476 4064 iuduc-

1422 4097 1561 4144 tione
1607 4094 1925 4143 demonstrat
1968 4093 2205 4142 Clemens
2249 4090 2476 4141 Alexan-

1419 4174 1595 4237 drinus
1610 4172 1643 4220 l.
1662 4185 1700 4219 1.
1732 4170 2067 4222 stromatum.
