3020 4942
519 384 650 452 742
1281 402 1356 448 Μ.
1405 403 1475 451 Τ.
1526 399 1931 450 elcmroms

517 546 621 609 uti
680 542 1075 627 oportebit.⁸
1167 560 1362 608 xxv,
1408 544 1635 629 Atque
1694 545 1821 610 hoc
1880 546 2145 628 quidem
2190 547 2582 632 plerumque
2638 550 2706 612 in

518 657 780 728 genere*
804 645 1078 723 accidit,
1095 653 1173 709 ut
1199 651 1267 710 et
1285 655 1312 697 ⁹
1340 647 1724 730 conjectura
1749 653 1813 711 et
1843 647 2225 711 definitione
2251 650 2566 714 utendum
2598 652 2701 714 sit.

518 750 639 815 Sin
685 748 869 813 aliud
930 768 1198 833 quoque
1245 748 1519 831 aliquod
1565 769 1767 830 genus
1811 749 2139 827 incidet‚¹⁰
2184 752 2337 834 ejus
2382 754 2641 833 generis
2660 761 2705 791 ‘¹

512 859 856 937 praecepta
882 852 1113 916 licebit
1140 852 1268 915 huc
1298 852 1448 934 pari
1478 849 1731 915 ratione
1760 852 2142 916 transferre.
2227 853 2405 919 Nam
2431 875 2710 920 accusa-

515 956 645 1018 tori
677 954 966 1018 maxime
999 954 1192 1018 estin
1223 953 1350 1016 hoc
1398 952 1952 1030 elaborandum,¹²
1999 962 2068 1019 ut
2112 955 2184 1019 id
2207 963 2254 1003 ¹³
2300 958 2523 1039 ipsum
2570 958 2709 1023 fac-

514 1064 682 1132 tum,
737 1061 1011 1138 propter
1058 1054 1241 1138 quod
1290 1054 1419 1118 sibi
1467 1074 1637 1120 reus
1673 1055 2004 1121 concedi?
2058 1065 2254 1140 putat
2278 1065 2335 1106 ¹⁴
2377 1068 2713 1142 oportere,

512 1177 711 1241 quam
757 1157 1058 1239 plurimis
1110 1155 1395 1221 infirmet
1445 1156 1832 1220 rationibus.
1923 1156 2131 1237 Quod
2181 1160 2381 1225 facile
2417 1169 2602 1239 est,¹⁵
2650 1164 2712 1227 si

511 1259 1021 1344 quamplurimis
1074 1259 1664 1322 constitutionibus
1705 1261 2081 1341 aggreditur
2106 1260 2158 1303 ¹⁶
2201 1264 2270 1327 id
2303 1264 2711 1348 improbare.

430 1378 434 1383 ’
509 1365 619 1428 75.
667 1364 832 1445 Ipsa
882 1369 1106 1425 autem
1149 1363 1585 1446 comparatio,
1638 1372 1954 1446 separata
1995 1384 2034 1428 a
2085 1367 2325 1429 ceteris
2356 1369 2714 1449 generibus

512 1464 1136 1539 controversiarum,
1197 1466 1296 1529 sic
1348 1485 1436 1529 ex
1489 1475 1620 1529 sud
1673 1468 1742 1530 vi
1793 1467 2341 1547 considerabitur,
2396 1470 2458 1533 si
2512 1469 2712 1549 illud,

512 1567 692 1651 quod
735 1568 1253 1651 comparabitur,
1299 1576 1421 1634 aut
1465 1587 1595 1632 non
1642 1571 2045 1648 honestum,⁰
2075 1578 2191 1636 aut
2215 1592 2344 1636 non
2372 1574 2562 1650 utile,
2595 1583 2715 1638 aut

509 1690 646 1734 non
702 1672 1147 1734 necessarium
1194 1671 1424 1747 fuisse,
1475 1680 1593 1736 aut
1637 1692 1763 1736 non
1817 1679 2159 1755 tantopere
2196 1675 2385 1751 utile,
2416 1679 2537 1739 aut
2579 1697 2713 1739 non

513 1781 862 1855 tantopere
892 1773 1265 1851 honestum,
1285 1782 1400 1837 aut
1428 1793 1562 1837 non
1590 1781 1938 1858 tantopere
1969 1778 2414 1841 necessarium
2441 1778 2711 1842 demon-

517 1875 917 1939 strabitur-¹⁷
1007 1875 1295 1951 Deinde,
1327 1883 1597 1961 oportet
1626 1883 2105 1955 accusatorem,
2135 1879 2321 1955 illud,
2352 1879 2530 1961 quod
2560 1882 2711 1964 ipse

515 1976 826 2058 arguat,¹⁸
875 1977 965 2041 ab
1013 1997 1120 2054 eo,
1170 1978 1351 2060 quod
1395 1978 1699 2041 defensor
1731 1983 2160 2062 comparat‚¹⁹
2205 2000 2541 2063 separare.
2633 1982 2714 2046 Id

516 2088 734 2144 autem
788 2080 1013 2158 faciet,
1055 2082 1115 2143 si
1167 2081 1667 2157 demonstrabit,
1722 2101 1850 2144 non
1902 2082 1997 2145 ita
2048 2081 2190 2145 fieri
2238 2083 2475 2160 solere,
2505 2104 2720 2168 neque

569 2289 597 2313 δ’
631 2281 979 2343 Gompoemtivo.
1305 2290 1332 2323 ν
1365 2281 1635 2341 Indulget-i.

1438 2409 1589 2430 “O“
1593 2410 1678 2427 ‘O'
1683 2408 1707 2427 0
1717 2408 1802 2427 ‘O‘

518 2501 577 2550 Si
597 2508 752 2551 autem
755 2505 865 2550 .--7
899 2519 929 2549 κ
950 2499 1244 2564 maleficium
1247 2504 1344 2548 -8
1378 2502 1476 2548 Sex
1501 2501 1710 2549 Oxonn.
1733 2501 1866 2548 Mss-
1884 2515 2000 2550 enm
2025 2502 2165 2549 Oliv.
2188 2506 2391 2563 oportet.

584 2569 723 2615 CAP·
750 2580 885 2615 xxv,
951 2571 984 2614 9
1019 2567 1159 2615 Octo
1185 2567 1391 2615 (Jxonn.
1425 2567 1556 2615 Mes.
1590 2576 1642 2614 et
1680 2581 1857 2615 omnes
1899 2567 2029 2614 Mss.
2056 2566 2197 2615 Ond.
2228 2582 2290 2615 ac
2325 2575 2427 2615 tres
2464 2567 2600 2623 Mas..
2633 2585 2725 2631 ap.

519 2631 699 2680 Lanb.
722 2646 836 2680 cum
859 2631 942 2680 ed.
967 2631 1179 2681 Omnib.
1201 2631 1349 2681 Junt.
1374 2631 1518 2681 Crat.
1539 2632 1719 2680 Lamb.
1742 2643 1792 2679 et
1819 2631 1961 2679 oniv.
1987 2631 2146 2692 Atque
2166 2633 2267 2679 Iioec
2292 2633 2479 2694 quidem
2510 2635 2713 2694 plerum-

515 2711 600 2758 que
621 2697 673 2744 in
694 2698 908 2760 haegen.
933 2697 1029 2745 nisi
1054 2695 1191 2760 quod
1219 2695 1364 2744 [ιε’-ἰὰ.
1381 2700 1431 2744 2.
1452 2697 1505 2745 in
1537 2698 1766 2746 omittat.
1830 2700 1939 2744 ml.
1962 2696 2122 2758 Atque
2160 2697 2258 2744 haec
2294 2700 2417 2759 qnod
2450 2699 2718 2762 plerumque

515 2763 570 2809 in
591 2761 676 2809 hoe
692 2776 805 2823 gen.
873 2762 1007 2811 Pan.
1026 2777 1202 2809 omnes
1227 2762 1381 2824 Atque
1403 2763 1486 2810 hoc
1521 2763 1710 2825 quidem
1744 2763 2015 2824 plerumque
2046 2761 2097 2809 in
2124 2763 2209 2809 hoc
2238 2776 2355 2823 gen.
2422 2764 2629 2812 Selium.
2663 2775 2719 2813 et

519 2826 686 2876 Orell.
705 2827 866 2889 Atque
887 2827 972 2875 hoc
992 2826 1176 2887 quidem
1195 2828 1461 2888 plerumque
1480 2827 1533 2876 in
1565 2829 1651 2876 Ιιοο
1680 2842 1791 2888 gen.
1815 2841 1915 2888 quo
1942 2826 2093 2874 modo
2134 2827 2311 2874 Lamb.
2344 2828 2480 2890 conj.
2505 2828 2561 2876 le
2566 2831 2719 2891 g.end

521 2898 612 2939 aut
632 2891 794 2955 Atque
815 2893 899 2940 Ιιοο
921 2891 1108 2954 quidem
1126 2895 1397 2954 plerumque
1419 2890 1469 2939 in
1488 2907 1601 2952 gen.
1624 2901 1681 2941 ut
1702 2892 1855 2941 Grut.
1872 2891 2049 2941 Graev.
2054 2882 2260 2940 ·Burrn.
2280 2893 2404 2940 Lau.
2423 2902 2478 2942 et
2499 2893 2721 2944 Wetzel.

518 2908 733 3006 habent?
796 2957 932 3004 Tum
958 2957 1003 3005 B
1028 2957 1071 3005 L
1094 2958 1151 3005 M
1175 2957 1241 3004 W
1262 2960 1290 3004 θ
1312 2973 1358 3009 κ,
1383 2961 1485 3005 ω2.
1509 2973 1686 3005 omnes
1715 2958 1849 3005 Pan.
1879 2962 1935 3006 et
1966 2971 2144 3005 omnes
2179 2957 2261 3005 M
2265 2972 2307 3004 s.
2332 2957 2475 3006 Oud-
2512 2972 2575 3007 ac
2612 2967 2718 3008 tres

518 3023 650 3070 Mas.
690 3037 774 3084 ap.
810 3021 991 3070 Lamb.
1030 3035 1148 3069 curn
1187 3020 1269 3070 ed.
1308 3021 1524 3070 Omnib.
1556 3025 1808 3071 accidunt.-
1850 3040 1891 3068 ω
1917 3027 1965 3071 1.
2001 3023 2257 3070 accidane:
2298 3025 2352 3084 ψ,
2386 3022 2536 3073 Junt.
2578 3025 2723 3074 Crat.

519 3086 702 3136 Lamb.
722 3095 777 3134 et
799 3087 941 3135 oliv.
962 3087 1196 3135 incidunt.
1262 3087 1419 3147 vulg.
1447 3089 1644 3135 accidit.
1710 3087 1948 3151 Denique
1985 3087 2070 3135 ed.
2091 3086 2304 3135 omnib.
2330 3092 2383 3136 ut
2406 3089 2459 3137 in
2481 3089 2604 3150 σοφῇ.
2671 3091 2720 3140 L

426 3181 430 3185 <
517 3169 548 3201 κ
567 3155 678 3214 ψ,ω
701 3155 748 3199 1.
770 3155 821 3198 2.
843 3167 1020 3200 omnes
1042 3150 1182 3200 Pan.
1208 3151 1447 3201 ac'Junt.
1481 3153 1659 3201 Lamb.
1693 3151 1847 3201 Grut.
1890 3152 2030 3200 oliv.
2068 3152 2459 3202 Graev.-Bnrm.
2501 3155 2631 3203 Lall.
2666 3162 2721 3204 ut

516 3217 639 3276 conj.
664 3217 790 3265 Ern.
817 3232 845 3264 e
869 3217 997 3265 Mes.
1021 3217 1188 3264 edidit
1213 3223 1264 3264 ut
1287 3221 1336 3264 et
1359 3217 1477 3278 conj.
1501 3215 1638 3278 qiiod
1674 3219 1866 3267 habent
1889 3217 1934 3265 B
1959 3217 2017 3265 M
2045 3218 2105 3265 W
2130 3220 2174 3272 θ,
2200 3222 2375 3266 omnes
2410 3218 2540 3267 Mss.
2578 3220 2719 3270 Ond.

519 3296 637 3330 cuin
673 3283 881 3330 Seliutz.
914 3283 1137 3331 Wetzel.
1170 3290 1224 3328 et
1260 3281 1556 3331 orem—10
1593 3285 1633 3332 L
1654 3286 1682 3331 θ
1704 3300 1753 3341 κ,
1787 3282 1933 3332 Leid.
1959 3287 2012 3330 2.
2035 3283 2129 3331 Sin
2163 3289 2321 3332 autem
2355 3284 2489 3332 aliud
2526 3300 2724 3348 quoque.

516 3347 646 3395 Tum
669 3347 791 3394 Sch.
812 3347 1127 3396 incidite-ll
1162 3350 1188 3395 0
1208 3350 1255 3395 et
1276 3346 1377 3407 ejus
1403 3353 1650 3407 gem—12
1685 3346 1768 3396 Ab
1792 3348 1876 3396 ed.
1899 3345 2114 3395 Omnib.
2134 3351 2322 3399 absunt
2344 3348 2404 3396 ab
2426 3349 2526 3396 hoe.
2592 3350 2719 3401 Seli.

517 3412 668 3460 Voss.
692 3415 738 3460 1.
764 3411 908 3460 Leid.
929 3416 979 3461 3.
1010 3412 1329 3459 laborandum.
1335 3417 1462 3460 -13
1497 3432 1536 3460 ω
1560 3417 1606 3461 1.
1633 3428 1729 3460 non
1756 3412 2000 3461 habetid.
2009 3417 2132 3460 —14
2170 3415 2213 3461 B
2244 3415 2283 3461 L
2309 3420 2364 3460 et
2388 3414 2533 3462 Leid.
2563 3418 2613 3463 2.
2634 3431 2723 3477 pu-

517 3481 605 3527 tet.
609 3481 737 3525 —15
774 3478 983 3526 Schntz.
1008 3475 1160 3536 facile
1193 3478 1300 3525 erit.
1304 3482 1434 3526 —16
1467 3478 1512 3526 B
1538 3479 1580 3527 L
1604 3479 1681 3536 M,
1704 3496 1742 3526 ω
1765 3484 1810 3527 1.
1836 3478 1985 3526 Voss.
2012 3484 2058 3525 l.
2096 3478 2241 3527 Leid.
2267 3482 2315 3526 1.
2336 3483 2385 3526 2.
2407 3483 2455 3527 3.
2482 3478 2570 3526 ed.
2590 3481 2723 3528 Om-

518 3542 627 3591 nib.
650 3542 806 3591 Grut.
831 3551 885 3591 et
907 3543 1114 3592 Schutz.
1137 3543 1484 3604 aggredietur:
1515 3552 1569 3590 et
1602 3543 1675 3591 ita
1714 3543 1919 3604 legend.
1951 3543 2132 3592 Lamb.
2167 3543 2386 3592 censuit.
2453 3545 2607 3605 Vulg.
2632 3561 2720 3606 ag·

517 3607 786 3667 grediatur.
857 3610 983 3657 Ern.
1017 3623 1046 3656 e
1087 3610 1233 3656 Cass.
1273 3608 1419 3655 dedit
1457 3609 1777 3667 aggo-editum
1824 3617 1879 3657 et
1925 3608 1999 3655 ita
2038 3608 2229 3657 habent
2267 3612 2298 3656 θ
2334 3617 2387 3657 et
2421 3610 2649 3658 Wetzel.
2654 3633 2721 3646 --·

523 3675 584 3721 17
627 3673 1043 3723 Demmtrubitur
1068 3674 1263 3721 abesta
1288 3674 1417 3722 Mos.
1443 3672 1721 3737 plerisque,
1743 3673 1900 3722 etiam
1922 3673 2043 3722 Sch.
2066 3675 2216 3722 Voss.
2232 3678 2282 3722 2.
2306 3673 2390 3721 ed.
2417 3673 2628 3723 Omnib.
2658 3691 2721 3724 ac

523 3738 654 3786 Mas.
689 3754 772 3800 ap.
807 3740 930 3786 Ern.
959 3738 1043 3799 qui
1070 3738 1244 3796 suisne,
1269 3738 1404 3801 qnod
1435 3751 1612 3784 omnes
1648 3738 1865 3797 habent,
1888 3739 2178 3800 expunxit3
2210 3748 2266 3787 et
2289 3753 2407 3786 eum
2429 3749 2720 3801 sequnntur

522 3803 810 3857 Schutz.et
832 3805 1055 3853 Wetzel.
1123 3804 1277 3866 Vulg.
1311 3816 1487 3852 necess.
1505 3804 1664 3864 juisse
1698 3804 2247 3869 demonstrabitur.——18
2279 3805 2487 3854 Schutz.
2512 3818 2543 3851 e
2578 3806 2718 3868 conj.

1512 3979 1723 4030 NOTAE

586 4075 613 4099 ⁰
641 4069 741 4117 Aut
774 4082 867 4116 noa
888 4069 1146 4127 honestum,
1179 4066 1284 4129 afa]
1320 4066 1394 4114 Ut
1416 4069 1472 4115 in
1492 4082 1581 4118 eo·
1662 4070 1712 4119 id
1754 4070 1952 4121 facinus
1988 4071 2039 4119 in
2072 4072 2349 4135 pessimum
2387 4073 2522 4123 trahi
2561 4075 2724 4138 possit

525 4144 643 4193 dem
665 4144 1389 4206 haereaniusexemplo,actor
1407 4153 1580 4195 osten·
1661 4150 1987 4210 exemplnmt
2036 4161 2137 4196 non
2192 4151 2554 4208 necessarium,
2602 4166 2720 4200 cnm

525 4222 618 4269 det
659 4229 810 4283 turpe
844 4218 1001 4268 fuisse
1031 4222 1273 4282 pactione
1296 4221 1480 4282 ignava
1506 4222 1577 4270 vi·
1660 4225 1862 4286 armati,
1911 4223 2096 4288 quibus
2142 4227 2341 4276 animus
2385 4241 2489 4276 non
2545 4230 2724 4290 deest,

525 4305 630 4348 tam
665 4297 956 4348 redimere:
1006 4311 1105 4346 non
1142 4298 1267 4347 utile
1298 4298 1428 4361 reip.
1462 4313 1578 4347 cnm
1661 4299 1864 4364 quidvis
1897 4302 2142 4350 audeant.
