3020 4942
539 350 712 417 1070
1319 361 1396 411 Μ.
1443 363 1514 414 τ.
1563 365 1974 413 crcnaoms

538 512 693 578 254.
742 509 842 576 Ut
880 516 1036 575 tuus
1086 509 1365 587 amicuS,
1406 507 1673 582 Crasse,
1707 508 2025 586 GraniuS,
2065 513 2242 574 ‘non
2285 527 2437 574 esse
2468 515 2742 575 sextan-

538 610 699 679 tis.’f
779 613 892 693 Et,
928 615 989 677 si
1037 613 1363 696 quaeritiS,
1410 613 1493 689 is,
1529 613 1648 694 qui
1688 613 2058 696 appellatur
2086 613 2312 689 dicaX,
2343 614 2476 677 hoc
2509 631 2743 694 genere

537 719 834 782 maxime
865 716 1156 781 excellet
1178 737 1196 781 2
1217 725 1245 770 ⁹.
1276 713 1394 779 sed
1426 714 1603 777 risus
1625 722 1896 779 movent
1925 714 2061 779 alia
2092 715 2402 798 majores.
2507 715 2746 781 Ambi-

536 840 737 903 guum
789 839 909 904 per
955 839 1028 884 se
1073 820 1296 903 ipsum
1351 818 1664 901 probatur
1708 817 1778 881 id
1824 817 2115 901 quidem,
2147 825 2228 880 ut
2256 823 2406 882 ante
2436 817 2612 901 dixi,
2644 818 2747 896 vel

536 924 861 987 maxime:
894 920 1220 1003 ingeniosi
1244 927 1271 965 ⁸
1297 920 1477 983 enim
1498 918 1781 996 videtur,
1808 911 1945 982 vim
1974 919 2157 984 verbi
2190 920 2258 982 in
2293 919 2501 997 aliud,
2534 925 2746 1002 atque

537 1026 742 1089 ceteri
764 1032 817 1062 ¹⁰
861 1023 1227 1107 accipiant,
1261 1040 1467 1105 posse
1488 1020 1775 1085 ducere:
1822 1021 1940 1085 sed
1969 1021 2477 1086 admirationem
2501 1023 2747 1103 magiS,

536 1146 741 1209 quam
771 1127 979 1198 risum
1016 1131 1265 1198 movet,
1290 1124 1421 1187 nisi
1456 1124 1517 1187 si
1550 1124 1817 1206 quando
1848 1124 2083 1188 incidit
2111 1126 2179 1187 in
2212 1122 2392 1187 aliud
2427 1143 2644 1203 genus
2668 1125 2743 1186 ri·

536 1228 766 1294 diculi.
857 1244 1089 1294 Lxul.
1133 1228 1286 1292 255.
1333 1224 1510 1305 Quae
1546 1245 1793 1308 genera
1817 1245 2200 1309 percurram
2234 1225 2599 1309 equidem:
2633 1225 2745 1289 sed

536 1333 726 1406 scitis
755 1350 908 1396 esse
953 1331 1379 1395 notissimum
1424 1329 1686 1393 ridiculi
1731 1348 1962 1411 genua,
2005 1348 2158 1393 cum
2207 1328 2386 1392 aliud
2422 1335 2743 1411 expecta·

534 1454 711 1511 mue,
742 1433 927 1498 aliud
957 1429 1253 1498 dicitur.¹¹
1342 1432 1485 1496 Hic
1519 1432 1851 1496 nobismet
1879 1431 2050 1515 ipsis
2077 1439 2306 1495 noster
2324 1450 2509 1494 error
2536 1425 2744 1494 risum

533 1543 785 1602 movet.
855 1535 1120 1616 Quodsi
1146 1535 1526 1601 admixtum
1559 1541 1668 1599 est
1696 1535 1900 1600 etiam
1933 1533 2342 1616 ambiguum,
2361 1533 2437 1598 fit
2460 1533 2741 1597 salsius:

535 1646 615 1701 ut
658 1639 842 1723 apud
875 1638 1198 1704 Naevium
1225 1620 1285 1674 ¹⁶⁵
1332 1637 1592 1704 videtur
1621 1655 1770 1701 esse
1799 1638 2184 1701 misericors
2222 1636 2360 1714 ille,
2406 1638 2526 1719 qui
2566 1636 2740 1720 judi-

1454 1785 1817 1806 ‘effluente

534 1890 793 1943 brachium,
814 1890 994 1950 &cu—9
1018 1887 1102 1935 Ita
1128 1889 1235 1938 Erl.
1249 1890 1298 1936 1.
1313 1895 1369 1937 et
1386 1886 1507 1938 edd.
1531 1894 1659 1936 vett.
1681 1886 1871 1936 excellit
1885 1886 1917 1937 J
1926 1891 2034 1933 unt.
2058 1883 2240 1933 Lamb.
2258 1883 2557 1933 Grut.—10
2573 1882 2741 1933 Guelf.

533 1959 585 2004 2.
607 1957 658 2003 ia
679 1955 810 2002 aliud
831 1969 972 2017 qaam
994 1954 1156 2003 ceteri.
1226 1953 1375 2003 Idem
1400 1954 1565 2003 codex
1589 1967 1728 2007 mox,
1749 1953 1874 2001 item
1897 1951 2081 2014 Steph.
2109 1958 2163 1999 et
2191 1950 2374 1999 Lamb.
2403 1949 2460 1998 iu
2482 1950 2619 1999 aliud
2639 1966 2741 2012 quo·

534 2034 623 2084 que
639 2033 807 2080 genua.

1528 2096 1742 2148 NOTAE

534 2204 684 2253 quam
728 2203 841 2250 nou·
866 2188 961 2237 nisi
1005 2165 1283 2237 divinando
1327 2202 1592 2250 possumus
1673 2185 1927 2251 quomodo
1961 2184 2213 2246 dixisset3
2250 2183 2542 2242 ‘Sciebas,'
2583 2185 2739 2247 inquit

533 2264 755 2328 assequi,
782 2265 946 2314 lucem
972 2262 1237 2313 afferrent.
1290 2265 1445 2315 Hune
1465 2280 1591 2328 qua-

500 2377 505 2386 .
532 2343 860 2405 lemcumque
885 2357 1106 2397 sensum,
1130 2343 1359 2405 explosis
1375 2343 1590 2391 aliorum

534 2418 806 2482 turpiculis
851 2419 1395 2482 interpretationibus,
1449 2419 1593 2467 elici-

534 2510 663 2543 mus.
696 2496 834 2546 Quid
851 2496 918 2556 ?„o
940 2495 1091 2557 Deci,
1113 2495 1283 2558 inquit
1307 2496 1438 2544 alius
1456 2495 1594 2560 quis-

535 2571 689 2632 piam,
711 2586 775 2619 an
800 2572 1057 2620 Nuculam
1089 2572 1346 2620 hominem
1370 2572 1446 2620 vis
1469 2585 1594 2620 cou-

530 2646 726 2709 figere?
794 2646 996 2710 Coufigi
1020 2656 1192 2696 autem
1210 2648 1398 2711 aliquia
1418 2654 1471 2695 et
1488 2661 1594 2695 niu-

530 2737 686 2773 crone
720 2729 776 2772 et
816 2738 1053 2773 sermone
1087 2724 1336 2786 asperiori
1382 2723 1591 2780 dicitur,

531 2801 583 2848 in
608 2814 710 2864 quo
732 2800 1027 2864 ambiguum
1060 2803 1237 2864 posuit
1264 2800 1563 2851 Africanus.

596 2872 615 2909 f
643 2877 758 2926 Non
808 2892 907 2927 esse
951 2879 1215 2949 sextantis]
1255 2879 1479 2928 Sextans
1514 2886 1596 2927 est

528 2960 677 3002 sexta
729 2967 850 3017 pars
905 2954 1052 3019 assis,
1094 2956 1206 3004 sive
1251 2955 1368 3004 duae
1405 2956 1595 3005 unciae.

529 3030 635 3078 Res
659 3031 830 3094 aliqua
852 3033 1020 3094 magni
1058 3033 1214 3095 pretii
1243 3046 1360 3089 esse
1382 3031 1593 3083 diceba·

452 3168 455 3173 Ι
532 3112 658 3155 tur:
706 3106 929 3155 Granius
972 3106 1107 3156 dixit
1152 3108 1289 3157 illam
1336 3121 1435 3156 non
1481 3122 1595 3157 esse

527 3182 783 3231 sextantis.
835 3182 1155 3245 Ambiguum
1180 3194 1292 3233 est:
1313 3186 1357 3232 si
1382 3184 1520 3234 euim
1537 3192 1595 3234 ut

529 3272 629 3307 vox
653 3259 801 3307 unica
832 3260 1214 3322 pronuntietur,
1237 3259 1499 3323 significat
1519 3262 1592 3310 vi-

526 3335 776 3399 lissimum
813 3344 867 3385 et
906 3337 1164 3386 minimum
1200 3339 1442 3402 pretium,
1465 3340 1592 3386 duas

529 3412 739 3460 uncias:
765 3412 806 3460 si
833 3420 1073 3476 separate
1097 3414 1303 3478 legatur
1323 3430 1407 3464 sex
1425 3417 1596 3476 tantis,

527 3502 709 3536 sensus
729 3490 848 3551 erit,
872 3489 922 3538 id
949 3490 1013 3539 de
1038 3505 1141 3556 quo
1164 3492 1334 3553 agitur
1351 3506 1454 3540 non
1478 3506 1591 3540 esse

529 3568 932 3630 comparandum
967 3576 1022 3617 et
1047 3568 1468 3632 aequiparandum
1498 3584 1591 3618 sex

527 3641 642 3690 aliis
688 3643 868 3698 tantis,
905 3658 994 3691 seu
1037 3645 1193 3706 pluris
1233 3646 1403 3694 valere
1435 3661 1590 3708 quam

526 3718 628 3767 alia
644 3733 742 3767 sex
771 3726 931 3768 tantae
968 3734 1058 3769 seu
1095 3722 1304 3784 aequalis
1334 3723 1590 3784 magnitu-

527 3791 664 3842 dinis
687 3802 743 3842 et
769 3796 940 3859 pretii,
962 3797 1195 3860 adeoque
1218 3811 1329 3845 esse
1355 3811 1460 3846 rem
1482 3799 1590 3846 val-

527 3871 594 3918 de
619 3871 924 3931 pretiosam.
984 3871 1077 3920 Ita
1105 3870 1214 3920 fere
1240 3873 1525 3923 Streboeus.

514 4003 518 4007 .
592 3955 618 3989 ε
652 3948 920 4012 ingenio-i]
955 3949 1076 3997 Tale
1106 3960 1187 3996 est
1220 3949 1344 3997 illud
1379 3950 1588 3999 Cicero-

525 4024 606 4072 nis
625 4024 792 4073 :Cum
815 4023 1094 4088 aliquando
1118 4025 1334 4074 Crassus
1353 4026 1592 4088 dixisset,

526 4102 784 4149 neminem
803 4101 971 4162 gentis
991 4116 1096 4150 suae
1126 4102 1299 4152 Romae
1325 4104 1462 4152 ultra
1475 4118 1587 4153 sex·

525 4178 805 4239 agesimum
846 4192 1033 4226 annum
1072 4179 1377 4241 perduxisse
1411 4184 1587 4237 vitam,

524 4261 845 4316 negaretque
872 4267 978 4301 rem
1004 4262 1204 4317 postea,
1230 4263 1283 4306 et
1313 4258 1591 4309 miraretur

1674 2264 1880 2323 Cicero,
1917 2265 2201 2326 ‘populum
2225 2263 2513 2312 Romanum
2543 2262 2738 2311 auditu·

1674 2350 1785 2388 rum
1823 2339 2066 2400 libenter,
2104 2338 2356 2401 adeoque,
2392 2338 2527 2387 hanc
2566 2340 2632 2387 ab
2655 2339 2741 2388 illo

1677 2415 1898 2479 gratiam
1923 2415 2052 2463 inire
2076 2413 2327 2463 voluisti.’
2382 2414 2658 2463 Plutarch.
2689 2415 2736 2462 in

1677 2494 1791 2544 Cic.

1738 2569 1762 2603 ¹¹
1806 2570 1960 2620 Aliud
2001 2574 2324 2632 expectamus,
2365 2570 2499 2617 aliud
2544 2570 2737 2632 dicitnr]

1677 2647 1978 2711 Cujusmodi
2014 2647 2116 2696 fuit
2148 2648 2382 2710 asperior
2407 2646 2499 2695 ille
2531 2647 2734 2699 Cicero·

1675 2727 1751 2775 nis
1785 2727 1835 2774 in
1870 2726 1948 2775 M.
1970 2725 2213 2775 Crassum
2235 2726 2411 2788 jocus.
2488 2726 2622 2776 Cum
2648 2741 2736 2789 pro

1671 2805 1859 2852 rostris
1887 2803 1961 2851 M.
1980 2802 2220 2850 Crassum
2248 2801 2477 2851 secunda
2493 2805 2736 2852 concione

1674 2887 1909 2927 ornasset
1932 2878 2189 2941 laudibus,
2205 2878 2532 2944 eundemque
2548 2895 2735 2943 rursus,

1675 2956 1854 3017 paucis
1889 2955 2215 3017 interpositis
2246 2955 2450 3011 diebus,
2474 2964 2739 3006 contume-

1678 3034 1809 3082 liose
1855 3032 2277 3094 perstrinxisset3
2328 3033 2411 3081 ubi
2455 3034 2546 3083 ille
2594 3034 2739 3087 dixit,

1640 3109 1903 3159 '‘Nonne
1951 3123 2033 3157 me
2073 3122 2138 3156 ex
2179 3109 2279 3157 isto
2317 3105 2434 3158 loco
2475 3109 2738 3173 aliquanto

1671 3194 1796 3234 ante
1820 3185 2045 3234 laudasti
2058 3183 2095 3233 θ’
2140 3185 2155 3210 ‘
2176 3183 2379 3245 Etiam:
2405 3186 2597 3247 iuquit,
2620 3192 2636 3215 ‘
2654 3199 2739 3233 ex·

1675 3263 1913 3312 ercendoe
1936 3262 2183 3311 orationis
2198 3277 2350 3311 causa
2368 3271 2739 3316 commentans,

1677 3340 1777 3388 vile
1798 3347 2157 3403 argumentum
2179 3336 2442 3388 tractavi?
2468 3339 2736 3393 Plutarch.

1677 3418 1727 3465 in
1750 3417 1866 3466 Cic.

1741 3494 1756 3528 ¹
1791 3493 2038 3557 Naevium]
2087 3494 2189 3543 Cn.
2250 3490 2469 3542 Νωνίου
2526 3493 2735 3541 natione

1676 3570 1987 3631 Campanus,
2024 3568 2347 3630 professione
2383 3565 2543 3628 poeta
2585 3568 2737 3616 comi-

1674 3659 1786 3707 cus,
1819 3643 1887 3694 A.
1911 3645 1977 3694 U.
2004 3645 2066 3694 C.
2093 3647 2205 3693 519.
2242 3643 2443 3692 fabulas
2477 3644 2615 3707 apud
2648 3658 2735 3706 po·

1674 3722 1849 3783 pulum
1874 3720 2040 3768 dedit.
2078 3721 2207 3768 Eum
2230 3721 2307 3769 M.
2328 3720 2518 3777 Varro,
2541 3730 2597 3769 ut
2616 3720 2735 3770 Get-

1673 3798 1769 3846 lius
1807 3797 1972 3846 refert
2009 3798 2042 3845 Ι.
2067 3810 2208 3846 xvir.
2240 3810 2286 3845 c.
2311 3799 2395 3846 21.
2438 3797 2622 3846 scribit
2650 3798 2738 3845 sti·

1671 3872 1862 3937 pendia
1900 3872 2091 3922 fecisse
2134 3874 2271 3921 bello
2308 3874 2515 3922 Punico
2554 3874 2733 3936 primo,

1672 3949 1829 4014 idque
1870 3951 2033 4013 ipsum
2072 3950 2311 3998 Naevium
2338 3950 2537 3998 dicere.
2605 3949 2735 3999 Exul

1670 4025 1841 4077 Uticae
1877 4027 2102 4077 decessit
2139 4026 2352 4090 Olymp.
2387 4040 2577 4077 cxmv.
2607 4042 2734 4076 coss.

1673 4105 1748 4153 uti
1785 4103 1945 4154 tradit
1974 4105 2168 4154 Tullius
2205 4107 2257 4152 iu
2294 4105 2481 4164 Bruto,
2506 4105 2734 4166 Cethego

1671 4188 1728 4228 et
1749 4181 2032 4235 Tuditano,
2056 4179 2122 4229 A.
2148 4181 2214 4228 U.
2235 4180 2297 4229 C.
2320 4177 2579 4230 550.¹ante
2614 4181 2729 4229 Chr.

1672 4263 1787 4308 204.
1815 4258 2006 4308 Euseb.
2054 4259 2104 4307 in
2145 4259 2336 4308 Cliton.
2404 4260 2730 4323 Epigramma
