3020 4942
2345 342 2518 409 1217

333 497 407 565 et'
434 499 582 564 inde
610 498 853 565 sensim
882 499 1203 563 ascendat
1232 499 1302 562 in
1325 499 1654 563 diversam
1686 506 1981 583 partem3
2009 503 2099 563 ⁴ut
2128 500 2285 564 lu'na
2306 507 2358 538 ¹⁰
2402 521 2515 566 ac-

334 601 583 670 cessud
627 610 694 669 et
718 620 984 667 recessu
1016 623 1138 667 suo
1164 603 1326 674 solis
1364 604 1586 668 lumen
1617 603 1950 685 accipiat;
1992 611 2065 666 ut
2095 603 2331 668 eadem
2360 620 2516 687 spa-

334 710 432 772 tia
479 709 776 792 quinque
822 706 1076 770 ste11ae⁶
1119 704 1437 787 dispari¹¹
1481 710 1690 782 motu,
1746 709 2076 788 cursuque
2131 705 2516 775 conficiant·

1011 349 1123 405 Du'
1155 342 1530 418 murone,
1578 355 1697 403 111.
1737 338 1844 403 46.

335 810 483 875 179.
512 810 689 875 Haec
712 815 974 873 tantam'
995 809 1241 872 habent
1268 809 1426 881 vim,
1457 811 1532 870 ut
1560 807 1832 889 paulum
1858 808 2281 872 12immutata
2299 808 2516 873 cohae-
2619 884 2623 889 ,

325 931 476 976 ‘rere
525 931 657 975 non
697 912 994 997 possint:
1041 918 1291 975 tantam
1330 908 1911 992 pulchritudinem,
1943 909 2222 974 utnulla
2250 911 2516 993 species

332 1034 417 1077 ne
445 1015 806 1096 excogitari
832 1022 879 1062 ¹³
925 1013 1192 1097 quidem
1219 996 1435 1095 possit
1463 1012 1776 1094 ornatior.
1866 1011 2140 1075 Referte
2169 1031 2344 1075 nunc
2375 1014 2519 1077 ani-

336 1136 520 1183 mum
563 1117 650 1180 ad
682 1117 1043 1194 hominum,
1076 1115 1180 1178 vel
1210 1113 1410 1179 etiam
1442 1118 1809 1179 ceterarum
1831 1120 1886 1161 ¹4
1926 1114 2356 1180 animantium
2384 1115 2518 1179 for-

335 1240 511 1283 mam
541 1227 609 1284 et
629 1220 941 1302 figuram:
987 1219 1234 1282 nullam
1264 1223 1522 1301 partem
1545 1215 1847 1300 'corporis
1872 1216 2015 1280 sine
2037 1217 2268 1301 aliqua
2291 1237 2518 1282 neces-

332 1323 531 1386 sitate
555 1319 864 1396 affictam,
897 1328 1241 1404 totamque
1263 1320 1548 1384 formam
1568 1319 1763 1402 quasi
1796 1319 2155 1402 perfectam
2180 1320 2523 1403 reperietis

334 1431 500 1499 arte,
530 1438 660 1487 ‘non
691 1420 906 1489 casu.f
989 1439 1204 1487 xcvi.
1250 1421 1439 1501 Quid
1467 1421 1540 1485 in
1567 1422 1965 1500 arboribus,¹
2013 1422 2081 1486 in
2111 1422 2354 1505 quibus
2385 1442 2521 1488 non

332 1532 631 1604 truncus,
675 1546 806 1590 non
850 1527 1041 1602 rami,
1088 1536 1221 1588 non
1265 1525 1425 1589 solia
1466 1528 1627 1588 sunt
1669 1524 1979 1607 denique,
2021 1523 2155 1588 nisi
2196 1524 2282 1588 ad
2329 1543 2520 1589 suam

331 1628 743 1693 retinendam
785 1628 1449 1711 conservandamque
1500 1631 1811 1691 ‘naturam
1835 1628 1867 1690 ‘l
1920 1646 2251 1710 nusquam
2301 1632 2521 1692 tamen
2578 1692 2584 1707 ,

326 1738 435 1795 est
492 1729 629 1795 nlla
684 1746 864 1814 parS,
913 1731 1044 1795 nisi
1092 1737 1402 1795 venusta.
1493 1729 1643 1794 180.
1692 1731 2109 1812 Linquamus
2162 1736 2522 1807 naturam,2

330 1838 640 1917 artesque
697 1832 1067 1898 videamus.
1154 1831 1341 1913 Quid
1399 1837 1536 1896 tam
1596 1832 1666 1896 in
1721 1832 1990 1923 navigio
2042 1831 2518 1910 necessarium,

1245 2027 1514 2050 OOOOOOOOO
1520 2026 1606 2048 ‘00

328 2151 512 2205 ’1.-10
547 2153 655 2204 Erl.
681 2156 728 2203 1.
750 2158 803 2203 ut
826 2154 1003 2204 huam.
1067 2155 1219 2217 Mox,
1238 2170 1324 2205 suo
1345 2153 1498 2206 deest
1531 2154 1585 2205 in
1622 2153 1731 2204 Erl.
1754 2157 1802 2203 1.
1822 2163 1877 2203 et
1896 2151 2076 2204 Guelf.
2099 2156 2272 2202 1.-11
2306 2152 2394 2205 Ita
2417 2155 2522 2218 pri-

331 2235 444 2269 mus
464 2220 646 2282 Steph.
664 2227 774 2268 tum
794 2220 976 2269 Lamb.
1001 2220 1156 2270 Grut.
1183 2227 1239 2271 et
1265 2222 1487 2271 recen'tt.
1551 2220 1764 2282 dispares
1793 2219 1944 2270 Junt.
1978 2217 2122 2268 Crat.
2147 2220 2352 2269 Manut.
2409 2235 2518 2269 cur·

331 2299 477 2348 suque
510 2284 761 2346 conspiciat
796 2285 905 2359 Erlg
939 2289 1118 2335 1.—12
1153 2285 1301 2335 Idem
1338 2287 1505 2339 codex
1549 2286 1742 2349 paulum
1775 2287 1976 2333 tan—la
2011 2284 2120 2333 Erl.
2157 2289 2201 2332 1.
2230 2285 2519 2346 engitm—
2555 2358 2562 2365 x

333 2347 754 2463 ucffssf'xflrz‘ff'
774 2354 1052 2469 eletggmni
1075 2414 1142 2463 ei·
1162 2415 1407 2465 arboribus
1426 2415 1538 2464 Eri.
1558 2418 1605 2462 1.
1622 2419 1676 2463 et
1697 2411 1875 2463 euelf.
1898 2416 1946 2461 ι.
2000 2411 2132 2467 Quid
2155 2412 2208 2459 ι’..
2234 2411 2312 2461 ιιῑ.
2338 2411 2522 2461 arbon·-

337 2479 420 2529 bus
442 2478 618 2531 Guelf.
637 2484 686 2530 2.
708 2483 857 2529 3.-2
890 2479 1090 2535 Verba,
1107 2495 1337 2545 nusquam
1358 2486 1399 2531 t.
1419 2487 1491 2531 est
1510 2496 1559 2530 u.
1571 2495 1623 2544 p.
1642 2494 1692 2527 n.
1711 2494 1759 2529 v.
1782 2478 1845 2527 L.
1865 2485 2100 2541 naturam,
2119 2478 2311 2529 desunt
2332 2480 2382 2527 in
2405 2479 2518 2529 Erla

1317 2650 1536 2702 NOTAE
1638 2665 1644 2670 “

395 2772 421 2807 d
451 2771 594 2821 Luna
619 2774 829 2838 accessu]
866 2773 1014 2823 Luna
1036 2773 1208 2823 lumen
1241 2787 1390 2823 omne

329 2862 476 2897 sunm
518 2864 548 2898 a
583 2851 690 2899 sole
723 2857 1011 2907 mutuatur,
1032 2858 1086 2899 et
1117 2864 1211 2913 pro
1244 2852 1390 2899 vario

330 2939 541 2975 accessu
584 2935 639 2975 et
683 2941 886 2976 recessu
932 2926 1138 2975 videtur
1175 2941 1206 2975 a
1244 2926 1390 2975 nobis

327 3000 483 3062 modo
515 3003 668 3064 pleno
697 3004 842 3066 orbe,
865 3002 1018 3052 modo
1040 3001 1307 3058 dimidiato
1329 3002 1389 3051 il-

327 3078 598 3138 luminata,
622 3079 772 3128 modo
796 3079 967 3129 densis
990 3080 1222 3129 involuta
1243 3087 1389 3130 tene-

328 3153 436 3216 bris
479 3152 618 3217 fugit
662 3156 844 3204 visum.
925 3156 1021 3205 Est
1062 3157 1388 3206 nihilominus

327 3228 503 3287 media
536 3232 613 3281 sui
648 3236 814 3295 parte,
837 3245 950 3295 quoe
985 3246 1016 3280 a
1045 3233 1154 3280 sole
1177 3234 1391 3295 respici«

328 3313 432 3364 tur,
467 3321 674 3370 semper
704 3307 981 3356 illustrata.
1045 3307 1156 3357 Nos
1187 3316 1387 3369 partem

326 3383 485 3441 illam,
507 3399 624 3433 cum
662 3384 785 3446 luna
807 3378 900 3434 soli
925 3381 1195 3448 subjicitur
1220 3385 1269 3432 in
1305 3400 1389 3448 sy-

326 3462 493 3525 zygia,
528 3462 704 3511 videre
739 3475 840 3510 non
882 3461 1172 3524 pessumum
1209 3469 1267 3511 ut
1301 3463 1389 3510 abs

326 3538 439 3588 sole
472 3538 925 3602 recedit¹primum
961 3548 1177 3587 curvata
1197 3540 1250 3587 in
1274 3553 1387 3588 cor·

325 3630 444 3674 nna,
466 3622 572 3665 tum
597 3631 750 3680 aequa
780 3617 1016 3679 portione
1040 3616 1203 3664 divisa
1216 3633 1236 3685 ’ς
1270 3631 1387 3665 cum

327 3692 536 3742 omnino
573 3692 669 3741 soli
706 3693 934 3756 ,adversa
977 3687 1276 3755 opponitur,
1320 3692 1387 3741 ab

325 3771 489 3833 eoque
522 3768 680 3817 distat
705 3773 817 3818 180.
842 3768 1106 3830 gradibus,
1129 3770 1276 3818 nobis
1310 3771 1387 3819 lu-

322 3854 410 3900 cet
437 3843 562 3892 orbe
587 3846 756 3906 pleno,
781 3853 838 3892 ut
862 3858 928 3892 ex
951 3844 1153 3906 optices
1183 3845 1387 3907 legibus

323 3927 492 3984 patet·
578 3920 858 3970 Conversio
902 3920 1035 3970 lunae
1078 3921 1130 3970 in
1173 3923 1386 3972 zodiaco

323 4009 554 4050 mensem
577 3995 756 4059 efficit,
779 3998 866 4062 qui
889 3997 1083 4061 duplex
1108 4006 1219 4049 est:
1256 3999 1386 4050 alter

322 4072 635 4138 periodicas,
672 4087 775 4138 quo
816 4088 914 4124 uno
957 4075 1178 4125 circuitu
1219 4082 1385 4125 totum

325 4149 844 4200 decurrit-zodiacum
868 4149 1050 4200 diebus
1072 4155 1154 4200 27.
1179 4151 1315 4202 boris
1335 4155 1384 4200 7.

322 4223 422 4278 43'.
453 4224 589 4274 alter
621 4226 920 4289 synodicus,
953 4241 1056 4291 quo
1093 4242 1195 4280 non
1234 4227 1388 4279 modo

457 4305 631 4369 Delph.
656 4312 704 4356 et
729 4305 842 4357 ναν.
866 4306 996 4356 Clas.

1324 4306 1507 4358 Cicero.

1460 2772 1746 2836 perlustrat
1759 2770 2045 2828 zodiacum,
2064 2784 2239 2820 verum
2257 2771 2522 2836 etiamali-

1462 2864 1520 2898 οε
1537 2849 1715 2911 viginti
1731 2855 1932 2910 septem
1952 2843 2161 2896 circiter
2177 2846 2367 2910 gradus
2385 2855 2521 2898 erne-

1461 2927 1608 2987 titur,
1626 2927 1883 2975 utiterum
1903 2915 2016 2973 cum
2037 2925 2142 2973 sole
2160 2926 2518 2989 conjungatur,

1461 3004 1550 3069 qui
1572 3003 1759 3052 mensis
1779 3002 1889 3051 dies
1913 3006 1993 3051 29.
2005 3002 2157 3051 horas
2178 3006 2254 3052 12.
2267 3000 2362 3054 44'.
2380 3018 2516 3052 com-

1460 3081 1730 3144 plectitur.

1517 3165 1540 3192 e
1576 3158 1796 3221 Quinque
1814 3157 1988 3220 stelloe]
2024 3156 2266 3220 Quinque
2291 3158 2515 3221 planetas

1456 3232 1509 3293 in
1550 3234 1759 3283 zodiaco
1803 3232 2074 3281 circuitum
2120 3232 2388 3283 absolvunt
2429 3235 2521 3283 alii

1456 3308 1556 3357 alio
1598 3308 1846 3372 temporis
1885 3306 2179 3358 intervallo.
2262 3310 2363 3361 Qui
2399 3315 2519 3360 stunt
2591 3356 2598 3365 ,

1457 3385 1611 3433 modo
1635 3386 1784 3440 infra,
1800 3386 1952 3433 modo
1972 3399 2127 3447 snpra
2149 3388 2326 3442 solem,
2341 3387 2515 3437 Venus

1457 3467 1515 3509 et.
1534 3460 1847 3521 Mercurius,
1860 3460 1943 3508 liic
1964 3459 2146 3508 diebus
2168 3464 2280 3509 116.
2299 3460 2385 3510 ille
2404 3467 2518 3513 584.

1455 3538 1594 3586 horis
1623 3540 1705 3588 22.
1736 3527 1801 3585 3².
1827 3536 2074 3585 circulum
2106 3536 2328 3587 conficit.
2396 3539 2516 3604 Sole

1454 3614 1749 3677 superiores
1790 3613 2017 3675 planetae
2053 3612 2198 3661 Mars
2232 3628 2366 3664 anno
2401 3631 2518 3674 nno,

1457 3689 1637 3757 diebus
1675 3693 1791 3739 321.
1828 3687 1966 3736 horis
2003 3691 2084 3736 22.
2115 3688 2329 3750 Jupiter
2370 3693 2516 3741 annis

1459 3772 1539 3818 11.
1574 3766 1758 3816 diebus
1796 3768 1909 3815 315.
1948 3764 2087 3824 horis
2128 3768 2207 3813 15.
2268 3765 2515 3818 Saturnus

1457 3843 1603 3891 annis
1649 3847 1733 3891 29.
1777 3841 1959 3890 diebus
1994 3842 2107 3888 161.
2148 3840 2325 3890 orbem
2368 3858 2514 3895 suum

1459 3920 1778 3970 describunt.

1526 3995 1547 4030 f
1570 3998 1687 4046 Non
1705 3994 1841 4058 casu]
1875 3991 2209 4043 Democritus
2236 3997 2291 4044 et
2321 3995 2513 4059 Epicu·
2591 4047 2598 4060 ,

1455 4083 1541 4122 rus
1570 4071 1787 4122 fortuito
1818 4074 2106 4117 atomorum
2133 4081 2385 4120 concursu
2407 4088 2511 4124 om-

1457 4150 1542 4199 nia
1566 4148 1742 4214 genita
1763 4142 2106 4197 somniabant.

2261 4297 2384 4353 ἈΗ
