3020 4942
1015 383 1113 434 na
1160 384 1536 447 oum-ona,
1585 385 1669 433 ιι.
1712 368 1824 435 52.

2328 369 2507 437 1043

321 530 517 613 longe
550 528 641 594 sit
669 528 964 594 omnium
986 538 1207 595 motus
1235 528 1542 596 invidiae:
1566 538 1596 566 ¹¹
1637 549 1764 595 nec
1796 529 2020 595 minus
2050 528 2289 595 virium
2322 549 2500 615 opus

325 634 462 698 sit²
522 633 590 697 in
645 652 724 696 ea
773 633 1285 716 comprimenda,
1346 652 1548 717 quam
1597 633 1667 697 in
1721 633 2103 698 excitanda.

2195 632 2504 700 Invident
2576 699 2581 703 .

320 741 541 811 autem
575 735 873 799 homines
916 735 1206 800 maxime
1248 737 1544 819 paribuS,
1590 740 1706 801 aut
1746 733 2194 813 inferioribus,
2226 756 2376 800 cum
2427 755 2504 801 se

319 839 592 903 relictos
628 840 942 916 sentiunt,
988 838 1144 903 illos
1184 844 1402 904 autem
1441 837 1666 904 dolent
1692 839 2046 904 evolasse:
2071 850 2097 887 ⁹
2139 838 2262 904 sed
2294 841 2504 905 etiam

386 1021 410 1055 ⁹
444 1012 525 1062 Aa
544 1013 749 1077 aliquam
773 1008 1058 1076 dignitatem
1076 1017 1354 1080 pervenisse.

1219 1142 1245 1162 Ο
1249 1141 1362 1161 ”N
1367 1139 1451 1162 ‘00
1460 1141 1571 1162 0000

318 1245 353 1292 2
388 1248 403 1270 ⁸
422 1207 698 1291 omittitur
716 1240 784 1291 sit
805 1239 858 1291 iu
879 1201 1057 1294 Guelf.
1073 1245 1120 1294 1.
1141 1249 1198 1292 et
1220 1257 1345 1294 saue
1366 1256 1518 1309 posse
1533 1243 1618 1294 hic
1635 1242 1836 1308 abesse,
1849 1256 1964 1294 cum
1983 1241 2224 1295 Schutzio
2246 1242 2505 1294 arbitror.¹

1305 1349 1358 1399 N
1362 1347 1521 1401 0¹1·AE

314 1442 484 1494 ercitu
501 1444 738 1495 incolumi
756 1460 975 1510 pugnam
990 1446 1370 1503 detrectavere,

316 1526 424 1578 eos,
460 1521 656 1572 duabus
695 1524 927 1586 partibus
961 1523 1194 1588 peditum
1229 1525 1374 1588 equi-

315 1606 529 1663 tumque
562 1602 614 1648 in
649 1601 869 1650 transitu
905 1600 1117 1663 Alpium
1152 1600 1369 1662 amissis,

319 1675 410 1738 qui
450 1690 594 1737 paene
629 1676 804 1739 piures
841 1677 1092 1740 perierint
1112 1692 1264 1743 quam
1287 1692 1370 1727 sn·

318 1752 539 1814 persiut,
583 1753 696 1816 plus
736 1753 848 1817 spei
882 1762 1064 1805 nactos
1100 1769 1230 1806 esse.
1295 1754 1370 1806 At

318 1829 458 1878 enim
483 1829 631 1891 pauci
669 1830 873 1895 quidem
906 1839 1045 1887 snut,
1069 1830 1165 1881 sed
1189 1832 1371 1895 ingen-

317 1916 400 1954 tes
421 1906 599 1954 animis
615 1907 1033 1972 corporibusque,
1052 1922 1264 1974 quorum
1288 1923 1371 1957 ro·

317 1980 446 2037 bora
486 1997 546 2032 ac
581 1984 717 2033 vires
753 1984 837 2033 vix
872 1983 1129 2035 sustinere
1157 1984 1233 2034 vis
1267 1984 1372 2034 ulla

317 2059 497 2122 possit.
563 2057 794 2124 Effigies,
818 2061 971 2111 immo
994 2061 1188 2123 umbrae
1212 2061 1370 2112 homi·

317 2149 459 2196 num,
491 2133 649 2193 fame,
683 2135 893 2199 frigore,
918 2137 1110 2200 illuvie,
1131 2138 1368 2203 squalore

318 2213 511 2276 euecti,
532 2215 734 2263 contusi
748 2228 808 2263 ac
827 2213 1080 2264 debilitati
1093 2215 1231 2263 iuter
1244 2229 1369 2265 saxa

316 2302 576 2354 rupesque
597 2304 613 2338 ε
635 2288 699 2338 ad
721 2288 836 2339 haec
858 2290 1231 2353 perustiartus,
1250 2290 1368 2341 nive

316 2365 547 2430 rigentes
572 2365 732 2422 nervi,
764 2366 991 2415 membra
1012 2366 1210 2416 torrida
1232 2367 1372 2430 gelu,

316 2448 557 2508 quassata
592 2441 960 2507 confractaque
1006 2456 1164 2500 arma,
1199 2443 1370 2493 claudi

317 2534 383 2569 ac
423 2519 619 2569 debiles
662 2519 799 2584 equi.
866 2520 994 2569 Cum
1037 2520 1133 2569 boc
1173 2518 1369 2584 equite,

317 2607 436 2644 cum
458 2595 556 2645 hoc
571 2595 748 2658 pedite
765 2595 1042 2660 pugnaturi
1062 2596 1186 2646 estis
1210 2610 1224 2644 ε
1253 2595 1369 2645 reli·

315 2673 463 2737 quiae
500 2679 757 2722 extremas
784 2673 1028 2735 bostium,
1058 2687 1159 2723 non
1192 2672 1369 2723 hostes

315 2749 611 2800 babebitis!
1311 2741 1316 2744 ’

388 2827 403 2861 ¹
430 2826 663 2891 Loetieiae]
713 2829 763 2878 A
821 2828 1073 2879 Cicerone
1126 2827 1372 2878 definitur

313 2903 474 2954 Tunc.
525 2906 724 2956 Queat.
774 2903 971 2969 Opinio
1016 2918 1194 2955 recens
1250 2904 1371 2955 boni

317 2982 611 3043 praesentis,
633 2981 684 3029 iu
708 2995 809 3045 quo
838 2979 1010 3032 efferri
1035 2988 1232 3031 rectum
1255 2995 1372 3032 esse

315 3058 571 3107 videatur.
614 3059 979 3109 commovetur
1000 3060 1081 3109 vel
1105 3060 1371 3121 insperato

317 3134 476 3195 bono,
493 3135 573 3184 vel
586 3136 704 3185 laeta
719 3133 941 3186 fortuuae
953 3138 1370 3188 commutatione.

315 3211 407 3261 Sic
426 3212 621 3262 'rullius
649 3212 761 3276 ipso
786 3212 1100 3263 Catilinariae
1126 3213 1369 3263 secundm

315 3288 532 3336 exordio
549 3287 832 3351 triumphat
848 3289 1068 3351 gaudiot
1100 3289 1117 3317 ‘
1138 3288 1370 3338 Tandem

316 3361 879 3428 aliquando,Quirites,
902 3365 959 3413 L.
970 3363 1263 3421 Catilinam,
1290 3363 1370 3414 fu-

314 3450 519 3491 rentem
555 3441 791 3498 audacia,
822 3442 989 3490 scelus
1024 3440 1371 3497 anhelantem,

315 3526 515 3581 pestem
571 3519 753 3582 patriae
801 3517 1001 3568 nefarie
1054 3518 1369 3576 molientem,

317 3595 461 3645 vobis
503 3602 660 3660 atque
692 3595 815 3646 huic
847 3595 962 3644 urbi
999 3593 1188 3644 ferrum
1228 3593 1370 3645 flam·

317 3683 557 3736 mamque
578 3672 924 3729 minitantem,
940 3686 1006 3721 ex
1023 3672 1151 3722 urbe
1165 3674 1245 3721 vel
1263 3674 1369 3737 eje·

314 3749 500 3804 cimus,
523 3749 606 3797 vel
628 3749 903 3805 emisimus,
928 3749 1007 3797 vel
1037 3749 1200 3811 ipsum
1224 3764 1371 3813 egre-

314 3826 545 3876 dientem
569 3825 740 3875 verbis
763 3824 1025 3890 prosecuti
1042 3838 1231 3875 sumus.
1264 3825 1370 3875 Ab·

313 3908 398 3961 iit,
441 3905 686 3967 excessit,
728 3903 915 3967 evasit,
968 3903 1181 3966 erupit:
1227 3904 1369 3954 nulla

304 3984 421 4048 jam
464 3983 719 4045 pernicies
754 3997 785 4031 a
818 3989 1048 4031 monstro
1081 3979 1169 4029 illo
1204 3990 1368 4045 atque

314 4063 555 4129 prodigio
594 4061 843 4112 moeuibus
865 4062 987 4127 ipsis
1009 4062 1144 4111 iutra
1181 4061 1367 4112 moenia

312 4139 734 4204 comparabitur!
889 4199 892 4204 ι
1277 4158 1283 4167 ·

379 4225 415 4251 ¹¹¹
454 4215 713 4279 Molaria]
766 4215 1013 4265 Molestia
1052 4216 1163 4265 sive
1219 4214 1367 4264 dolor

313 4292 532 4343 acerbus
573 4300 657 4344 est
699 4294 816 4341 mali
859 4292 1132 4356 praesentis
1174 4306 1368 4342 seusus.

1448 1444 1695 1499 Judicum
1720 1446 1770 1496 in
1791 1446 1974 1496 animis
2010 1446 2239 1497 dolorem
2263 1446 2340 1498 sic
2363 1447 2506 1499 exci-

1450 1531 1531 1574 tat
1553 1524 1737 1574 Cicero
1773 1537 1867 1586 pro
1902 1523 2051 1574 Sext.
2082 1524 2247 1587 §145.
2285 1524 2302 1552 ‘
2326 1522 2504 1589 Atque

1448 1600 1532 1650 bic
1553 1608 1608 1649 et
1632 1608 1710 1650 tot
1731 1600 1927 1650 civium
1950 1601 2178 1664 squalor,
2202 1600 2283 1650 hie
2316 1601 2507 1663 luctus,

1449 1677 1532 1726 boe
1573 1675 1751 1727 sordes
1804 1683 2064 1740 suscepto
2119 1684 2241 1727 suut
2290 1687 2505 1741 propter

1451 1766 1608 1802 unum
1632 1766 1736 1816 me,
1760 1752 1877 1817 quia
1898 1766 1981 1802 me
2002 1750 2364 1811 defenderunt,
2385 1755 2506 1818 qnia

1450 1844 1619 1892 meum
1658 1844 1830 1880 casum
1876 1830 2173 1896 luctumque
2210 1830 2514 1890 doluerunt,

1450 1907 1573 1974 quia
1596 1921 1679 1956 me
1700 1907 1898 1971 lugenti
1921 1907 2125 1970 patrioe,
2145 1905 2400 1971 flagitanti
2424 1924 2505 1960 se·

1419 1980 1422 1981 ⁷
1451 1983 1615 2045 nutui,
1641 1982 1873 2047 poscenti
1896 1982 2084 2040 Italiae,
2107 1983 2252 2034 vobis
2268 1985 2504 2037 omuibus

1450 2061 1719 2112 orantibus
1737 2059 2094 2111 reddiderunt.
2127 2061 2280 2113 Quod
2306 2071 2504 2114 tautum

1449 2147 1529 2190 est
1551 2140 1603 2189 iu
1622 2155 1703 2190 me
1725 2140 1925 2190 scelus?
1947 2140 2068 2205 quid
2088 2149 2362 2204 tantopere
2378 2141 2506 2191 deli-

1448 2217 1536 2281 qui
1561 2216 1652 2266 illo
1685 2217 1788 2279 die,
1811 2231 1927 2266 cum
1949 2216 2014 2265 ad
2044 2230 2132 2265 vos
2157 2216 2367 2277 indicia,
2387 2217 2505 2267 lite·

1450 2306 1553 2355 ras,
1575 2290 1928 2342 confessiones
1949 2292 2231 2342 communis
2245 2292 2392 2342 exitii
2415 2292 2507 2342 de·

1451 2368 1580 2419 tuli?
1600 2383 1716 2418 cum
1735 2367 1884 2431 parui
1900 2367 2079 2418 vobis?
2144 2368 2238 2425 At,
2258 2369 2300 2418 si
2319 2369 2506 2419 sceles-

1451 2452 1559 2495 tum
1583 2453 1662 2495 est
1700 2458 1872 2495 amare
1901 2446 2144 2509 patriam,
2173 2445 2360 2508 pertuli
2393 2459 2506 2510 poe·

1451 2536 1633 2571 uarum
1656 2523 1812 2572 satis:
1849 2535 2034 2571 eversa
2054 2521 2233 2570 domus
2269 2530 2369 2579 est,
2399 2521 2504 2572 for·

1450 2606 1592 2649 tuuae
1615 2608 1838 2655 vexatae,
1856 2598 2088 2661 dissipati
2112 2597 2281 2662 liberi,
2296 2604 2506 2663 raptata

1450 2675 1661 2741 conjux,
1715 2675 1880 2725 frater
1931 2676 2154 2739 optimus
2212 2675 2505 2726 incredibili

1451 2752 1671 2815 pietate,
1705 2766 1877 2801 amore
1915 2751 2166 2807 inaudito,
2200 2752 2421 2803 maximo
2448 2754 2504 2803 in

1448 2830 1682 2894 squalore
1721 2829 1981 2879 volutatus
2016 2838 2097 2879 est
2132 2821 2197 2879 ad
2225 2831 2384 2894 pedes
2407 2831 2519 2881 ini?

1452 2905 1877 2956 micissimorum:
1902 2919 2001 2969 ego
2021 2906 2197 2968 pulsus
2221 2906 2343 2969 aris,
2356 2904 2505 2968 focis,

1453 2983 1569 3032 Diis
1611 2982 1903 3052 penatibus,
1957 2980 2239 3032 distractus
2283 2996 2314 3031 a
2356 2983 2505 3045 meis,

1451 3059 1596 3110 carui
1619 3059 1808 3124 patria,
1846 3073 1995 3124 quam
2033 3060 2119 3125 (ut
2148 3060 2402 3111 levissime
2424 3059 2505 3109 di-

1451 3134 1592 3202 cam)
1611 3145 1758 3187 certe
1782 3144 2046 3186 texeram:
2068 3135 2258 3199 pertuli
2279 3135 2502 3187 crudeli-

1450 3221 1614 3264 tatem
1652 3212 1995 3276 inimicorum,
2018 3214 2185 3263 scelus
2209 3212 2508 3277 infidelium,

1449 3289 1687 3342 fraudem
1711 3290 2041 3344 invidorum.'

1513 3375 1540 3402 ¹¹
1573 3369 1740 3417 Motus
1759 3366 1980 3431 invidia]
2024 3367 2283 3418 Invidiam
2305 3367 2505 3419 Aristo·

1451 3444 1586 3494 teles
1605 3444 1758 3493 Rhet·
1786 3458 1848 3494 ιι.
1875 3449 1951 3496 10.
1974 3444 2052 3494 sic
2073 3443 2288 3495 definit:
2327 3447 2342 3473 ‘
2362 3444 2504 3494 Invi-

1452 3522 1539 3569 dia
1573 3528 1655 3569 est
1678 3521 1826 3570 dolor
1852 3521 2055 3583 quidam
2086 3519 2155 3570 ob
2190 3523 2504 3585 prosperita-

1452 3605 1558 3646 tem
1593 3611 1709 3661 quoe
1741 3602 1960 3660 apparet
1997 3595 2049 3644 in
2089 3594 2256 3658 bonis,
2284 3597 2351 3646 de
2391 3599 2502 3661 qui·

1453 3674 1549 3724 bun
1571 3674 1771 3724 dictum
1806 3679 1905 3737 est,
1933 3686 2057 3736 erga
2079 3673 2304 3732 similem
2348 3673 2502 3738 idque

1451 3766 1552 3801 nou
1577 3758 1637 3801 ut
1660 3750 1791 3801 bene
1822 3749 1890 3800 sit
1916 3749 2187 3813 invidenti,
2219 3749 2310 3800 sed
2348 3764 2500 3814 prop-

1450 3836 1535 3880 ter
1564 3827 1715 3879 illos'
1758 3826 1944 3893 quibus
1975 3825 2252 3877 invidetur.
2320 3826 2508 3876 Cicero

1446 3906 1606 3957 Tuae.
1647 3905 1846 3958 Quaest.
1887 3905 1925 3953 1.
1961 3916 2038 3952 tv.
2083 3900 2506 3965 ‘Invidentiam,’

1445 3982 1638 4046 inquit,
1660 3981 1677 4009 ‘
1695 3995 1806 4030 esse
1824 3979 2003 4030 dicunt
2019 3978 2373 4042 egritudinem
2390 3994 2502 4028 aua·

1446 4065 1656 4121 ceptam
1690 4063 1912 4122 propter
1945 4056 2156 4104 alterius
2196 4068 2277 4103 rea
2317 4069 2503 4105 secun-

1447 4136 1540 4186 das
1560 4148 1676 4201 quoe
1700 4133 1822 4183 nihil
1846 4139 2068 4182 noceant
2090 4132 2378 4183 invidenti!
2412 4133 2502 4183 Iu-

1450 4212 1607 4263 vidiae
1643 4225 1798 4262 causa
1831 4211 2076 4275 princeps
2119 4215 2201 4258 est
2242 4209 2501 4274 cupiditas

1447 4289 1755 4353 excellendi,
1780 4300 1879 4355 qua
1913 4285 2025 4351 quis
2057 4291 2259 4337 tantum
2291 4286 2391 4335 sibi
2413 4286 2501 4337 de·
