3020 4942
467 356 649 424 1242
1245 374 1326 421 Μ.
1373 376 1442 422 τ.
1489 344 1897 424 molismus

465 517 881 603 significavit,
923 525 1243 603 quantum
1285 526 1473 584 esset
1512 520 1581 584 in
1621 521 1908 597 actione,
1941 519 2058 603 qni
2098 520 2470 586 orationem.
2500 539 2656 585 ean-

466 621 619 686 dem
660 621 859 685 aliam
903 620 1101 686 esse⁶
1155 628 1441 705 putaret,
1471 627 1700 691 actore
1744 630 2022 686 mutato.
2110 621 2260 686 214.
2310 622 2500 703 Quid
2531 623 2662 687 fuit

464 725 537 788 in
561 722 895 802 Graccho,
917 724 1144 808 (quem
1176 734 1266 800 tu,
1296 724 1559 803 Catule,
1589 725 1870 790 melius⁷
1914 722 2307 809 meministi)
2336 725 2519 809 quod
2550 745 2659 789 mc

464 844 674 910 puero
724 832 1076 910 tantopere
1120 827 1484 893 ferretur't'
1557 832 1577 860 ‘
1611 826 1770 907 Quo
1813 848 1919 892 me
1971 828 2216 893 misen-⁰
2267 829 2654 893 conferam?

464 949 599 1012 quo
640 931 946 994 vertam?
992 932 1058 995 in
1104 931 1645 1013 Capitoliumne?
1692 937 1763 995 at
1805 930 2028 995 fratris
2067 930 2383 1013 sanguine
2422 930 2657 994 redun-

464 1031 666 1095 dat:⁸
713 1052 796 1095 an
840 1032 1155 1098 domum?
1201 1042 1566 1100 matremne
1606 1040 1675 1099 ut
1705 1034 2015 1098 miseram
2047 1034 2654 1115 lamentantemqne

463 1131 725 1197 videam
758 1141 826 1199 et
851 1133 1251 1219 abjectam't’
1337 1135 1515 1215 Quoe
1546 1136 1646 1200 sic
1677 1136 1763 1199 ab
1791 1134 1910 1200 illo
1939 1143 2096 1201 acta
2121 1153 2268 1198 esse
2290 1135 2656 1210 constabat,

463 1236 705 1311 oculiS,
729 1256 926 1315 voce,
951 1245 1160 1319 gestu,
1188 1238 1447 1303 inimici
1479 1244 1552 1302 ut
1577 1237 1911 1320 lacrymas
1941 1243 2164 1301 tenere
2192 1255 2325 1300 non
2355 1242 2656 1318 possent.

463 1336 644 1403 Haec
687 1348 814 1403 eo⁹
859 1339 1012 1404 dico
1055 1341 1380 1426 pluribuS,
1426 1340 1606 1424 quod
1650 1360 1859 1421 genus
1897 1339 2028 1404 hoc
2074 1345 2284 1404 totum
2327 1346 2656 1415 oratoreS,

463 1441 581 1523 qui
628 1442 1127 1507 sunt'veritatis
1171 1444 1386 1526 ipsius
1431 1447 1751 1520 actores,³
1794 1442 2241 1526 reliquerunt;
2286 1441 2656 1506 imitatores

462 1549 682 1609 autem
710 1543 1055 1620 veritatis:
1082 1545 1457 1622 histrioneS,
1484 1551 2045 1627 occupaverunw
2121 1561 2304 1607 nvn.
2347 1545 2502 1608 215.
2547 1542 2657 1607 Ac

462 1644 611 1709 sine
645 1645 853 1710 dubio
876 1654 894 1684 ¹
937 1647 1216 1712 inomni
1245 1666 1315 1712 re
1344 1646 1551 1713 vincit
1577 1647 2012 1711 imitationem
2045 1646 2372 1711 veritastt
2415 1646 2541 1710 sed
2572 1666 2657 1711 ea

462 1747 526 1811 si
557 1748 723 1815 satis
752 1749 819 1813 in
852 1752 1124 1816 actione
1156 1751 1446 1817 efficeret
1471 1751 1627 1835 ipsa
1657 1770 1778 1833 per
1807 1770 1977 1829 sese,
2009 1757 2153 1815 arte
2182 1748 2486 1833 profecto
2516 1769 2658 1813 non

459 1868 841 1931 egeremus:
890 1873 1121 1918 verum
1164 1854 1324 1936 quia
1366 1852 1570 1917 animi
1614 1853 1959 1936 permotio,
2006 1872 2156 1936 quae
2203 1852 2494 1916 maxime
2527 1859 2661 1933 aut,

462 1952 889 2032 declaranda,
919 1964 1040 2021 aut
1067 1954 1390 2021 imitanda
1416 1961 1527 2020 est
1553 1956 1843 2032 actione,
1874 1955 2254 2038 perturbata
2272 1961 2297 1989 ²
2332 1973 2517 2036 saepe
2558 1954 2658 2020 ita

462 2062 593 2129 est,
626 2063 700 2120 ut
729 2058 1141 2135 obscuretur,
1174 2078 1256 2123 ac
1287 2077 1476 2141 paene
1498 2058 1861 2139 obi-uatum
1911 2056 2337 2122 discutienda
2364 2063 2520 2122 sunt
2550 2076 2657 2133 ea,

463 2174 614 2237 quae
654 2156 1036 2236 obscurant,
1066 2166 1135 2223 et
1178 2179 1281 2235 ea,
1317 2179 1472 2242 quae
1514 2168 1671 2224 sunt
1714 2159 2072 2223 eminentia
2116 2166 2181 2223 et
2227 2166 2512 2242 promta,
2542 2178 2657 2222 su·

458 2258 745 2335 mendas
827 2261 979 2326 216.
1021 2261 1261 2328 Omnis
1303 2264 1482 2327 enim
1527 2271 1747 2328 motus
1776 2263 1982 2327 animi
2010 2282 2203 2326 suum
2234 2261 2568 2345 quendam
2616 2280 2659 2325 a

383 2452 387 2456 ,
456 2365 695 2426 natura
735 2362 938 2429 habet
984 2366 1259 2443 vultum,
1278 2374 1357 2437 ,et
1399 2384 1660 2443 sonum,
1690 2372 1757 2430 et
1795 2375 2084 2448 gestum:
2131 2372 2475 2447 totumque
2506 2368 2663 2427 σοι·1

460 2482 588 2544 pus
619 2463 921 2545 hominiS,
946 2477 1017 2533 et
1045 2469 1195 2554 ejus
1222 2470 1438 2535 omnis
1460 2470 1707 2549 vultus»,
1732 2456 2096 2552 omnesque
2119 2488 2351 2545 voces,
2374 2473 2449 2531 ut
2471 2467 2658 2532 nervi

520 2672 547 2695 ²
584 2664 752 2714 Tantis
769 2667 986 2716 laudibus
996 2670 1354 2731 predicar-etur.
1616 2679 1643 2713 s
1684 2670 1797 2717 Non
1806 2669 2038 2733 fictarum
2058 2683 2305 2717 causarum
2325 2671 2529 2718 actores.

522 2736 545 2761 ²
585 2729 684 2784 Qui
706 2732 757 2779 in
780 2735 1076 2792 argumentis
1096 2737 1159 2784 ad
1178 2736 1280 2784 veri
1300 2735 1662 2785 similitudinem
1667 2735 1808 2798 fictis
1830 2740 2092 2782 versantur.

525 2802 549 2823 ⁸
582 2795 691 2842 Sibi
713 2803 993 2845 sumserunt.
1363 2799 1385 2832 ὓ
1420 2802 1614 2850 Natura
1636 2806 1825 2859 superat
1846 2805 2015 2848 artem.

521 2864 542 2889 ⁶
578 2859 705 2913 Quia
725 2859 924 2923 affectus
945 2863 1112 2923 animi,
1131 2880 1268 2927 quem
1286 2865 1499 2914 naturali
1518 2866 1809 2927 permotione
1825 2863 2100 2927 significare
2120 2866 2319 2924 oportet,
2339 2860 2384 2909 si
2401 2874 2542 2908 cerus
2565 2866 2656 2915 est.

458 2925 544 2970 aut
562 2923 746 2973 actione
759 2925 961 2985 imitari,
981 2927 1188 2991 sifictus
1206 2935 1433 2993 est,·soepe
1446 2931 1517 2978 ita
1532 2930 1852 2991 perturbatur,
1873 2935 1927 2977 ut
1948 2930 2034 2977 vix
2054 2925 2216 2976 notari
2231 2927 2411 2988 pontit,-
2447 2927 2658 2974 tollenda

456 2991 661 3062 sunt-ea,
697 2990 864 3051 quibus
894 2991 1189 3055 obscuratur,
1208 3000 1373 3054 gestus
1404 2999 1453 3044 et
1484 2995 1812 3056 pronuntiatio
1845 2993 2107 3057 affectata:
2139 2992 2362 3039 sumenda
2389 3005 2466 3045 ea,
2486 2990 2658 3053 quibus

459 3067 664 3100 maxime
695 3061 913 3117 apparet,
942 3059 1070 3105 cocis
1106 3064 1153 3106 et
1185 3061 1343 3108 vultus
1386 3059 1622 3123 totiusque
1641 3059 1849 3122 eorporis
1885 3057 2209 3117 conformatio,
2244 3061 2398 3105 certas
2427 3057 2656 3119 quasdam

451 3117 830 3178 perturbationes
850 3124 1135 3172 naturaliter
1154 3123 1386 3172 iudicans.
1953 3161 1956 3162 γ

1369 3267 1736 3290 Οθθθυθθυθθ

460 3361 493 3406 6
526 3357 724 3408 Palatt.
744 3364 792 3408 1.
812 3364 862 3412 2.
882 3366 932 3412 3.
973 3363 1111 3414 Pith.
1146 3367 1309 3415 Mem.
1341 3368 1497 3417 Cant.
1529 3368 1646 3416 Bal.
1670 3366 1824 3419 Joan.
1845 3367 1988 3428 Mag.
2008 3366 2161 3427 Wag.
2194 3360 2374 3413 Guelf.
2399 3367 2444 3410 1.
2471 3362 2583 3411 Eri.
2612 3366 2660 3409 1.

458 3422 648 3478 Pearc.
671 3433 724 3473 et
749 3425 914 3477 Oreil.
937 3430 1079 3479 aliam
1088 3430 1218 3489 sore.
1283 3432 1429 3493 Mox,
1455 3447 1549 3495 pro
1572 3437 1748 3494 actore,
1768 3432 1989 3497 Juntaet
2025 3429 2206 3493 Steph.
2228 3427 2420 3476 habent
2441 3433 2653 3478 auctore.

458 3492 554 3536 —7
591 3489 677 3537 Ita
699 3490 851 3541 Junt.
879 3494 1056 3543 Lamb.
1080 3497 1234 3546 Grut.
1256 3499 1441 3559 melias,
1467 3498 1654 3552 Catule,
1673 3494 1849 3545 Guelf.
1871 3500 1915 3543 l.
1939 3495 2150 3544 Schntz.
2175 3494 2381 3541 Han-les.
2404 3493 2574 3542 Oreil.
2600 3499 2658 3541 et

460 3554 533 3601 sic
558 3555 757 3603 Nonius
780 3557 864 3605 ed.
890 3557 1009 3610 Atd.
1037 3575 1087 3622 p.
1116 3564 1260 3610 1423.
1286 3570 1337 3609 et
1361 3563 1591 3611 Meretri
1620 3577 1670 3623 p.
1690 3566 1803 3612 524.
1820 3560 1981 3623 probe,
2000 3560 2171 3609 Catule
2193 3559 2309 3606 atiae
2333 3557 2453 3607 edd.
2479 3557 2653 3607 Nonii.

459 3618 608 3678 Mox,
645 3625 779 3669 tanto
812 3638 948 3684 opere
984 3625 1092 3673 Eri.
1116 3630 1162 3674 1.
1206 3625 1385 3675 Guelf.
1412 3632 1458 3676 1.
1481 3633 1537 3675 et
1576 3621 1743 3676 orell.
1791 3624 2020 3690 efferetur
2050 3625 2187 3673 solus
2216 3623 2494 3671 Lamb.—8
2525 3623 2654 3683 Vei.

459 3698 544 3742 ap.
590 3684 772 3746 Steph.
807 3691 964 3737 madet
987 3707 1007 3747 ,-
1051 3691 1160 3739 Erl.
1201 3695 1248 3739 l.
1289 3697 1374 3740 aut
1401 3691 1564 3751 fratri
1605 3690 1833 3752 sanguine
1874 3691 2067 3738 mandat
2084 3705 2101 3737 .·
2144 3689 2332 3737 domum
2374 3693 2651 3736 matremne.

458 3748 606 3811 Mox,
631 3749 766 3798 idem
791 3752 906 3800 cod.
928 3752 1107 3803 Guelf.
1129 3759 1175 3803 l.
1211 3756 1417 3804 Schutz.
1456 3756 1669 3806 Han-les.
1695 3763 1748 3804 et
1772 3755 1944 3805 Orell.
1975 3759 2030 3803 ut
2065 3753 2284 3802 miseram
2319 3754 2655 3800 lamentantem

456 3813 758 3864 videam—9
793 3816 902 3865 Hoc
937 3819 1041 3867 ideo
1075 3819 1184 3868 Eri.
1211 3825 1258 3869 1.
1327 3821 1452 3869 Hoec
1472 3821 1580 3872 ideo
1601 3822 1724 3870 Vet.
1749 3836 1832 3884 ap.
1856 3819 2038 3882 Steph.
2103 3818 2252 3878 Mox,
2291 3831 2386 3880 pro
2422 3821 2654 3872 oratores,

459 3878 570 3926 Eri.
596 3883 642 3927 l.
664 3880 826 3931 habet
849 3883 1096 3933 orationis.

525 3944 663 3993 cn.
688 3959 822 3996 nvn.
889 3952 913 3996 l
951 3950 1019 3997 At
1052 3948 1152 3998 sine
1187 3948 1328 3998 dubio
1368 3947 1546 3999 Guelf.
1581 3952 1730 3998 3.--2
1765 3947 1944 3999 Guelf.
1973 3952 2021 3998 1.
2052 3948 2258 4010 perdita.
2325 3947 2474 4010 Mox,
2507 3949 2652 4007 atque

1445 4096 1664 4147 NOTAE

521 4196 545 4220 ⁰
580 4189 778 4245 Quosne
797 4191 962 4255 nitur]
992 4193 1168 4243 Verba
1193 4209 1257 4243 ex
1279 4194 1514 4245 oratione
1583 4193 1827 4257 Scipione
1863 4192 2053 4241 Nasica
2093 4190 2145 4240 in
2187 4187 2448 4252 Capitolio
2483 4155 2651 4242 inter-

457 4264 681 4316 Grscehi
721 4268 1009 4333 depromta,
1051 4272 1235 4335 quibus
1270 4270 1445 4322 fratris
1484 4286 1516 4321 a
1586 4270 1917 4330 seminecem
1941 4265 2262 4332 depici-abst.
