3020 4942
1077 345 1170 391 on
1218 343 1598 403 cremona,
1651 344 1698 390 ι.
1742 326 1803 390 8.
2408 327 2538 393 827

354 490 584 566 factis?
644 485 946 554 dixisse:
994 486 1128 551 Cur
1171 506 1305 552 non
1366 489 1754 562 imitamur,‘¹
1811 487 2083 565 Crasse,
2149 489 2542 553 Socratem‘

353 593 546 669 illum,
593 592 709 674 qui
758 599 860 655 est
898 588 966 653 i'n
1018 590 1302 655 Phaedro
1327 599 1370 627 ¹¹
1396 599 1416 627 ⁸
1468 592 1818 655 Platonis'l
1842 603 1873 630 ⁰
1920 612 2071 655 nam
2104 613 2211 657 me
2239 592 2388 656 haec
2422 602 2537 657 tua

352 695 654 777 platanus
688 693 1072 769 admonuit:
1116 713 1270 777 quae
1316 713 1446 757 non
1480 695 1698 757 minus
1729 694 1812 758 ad
1845 696 2319 778 opacandums
2361 695 2535 759 hunc

351 796 550 860 locum
582 793 834 880 patulis
866 804 973 860 est
1015 794 1264 859 diffusa
1291 797 1519 873 ramiS,
1573 818 1770 879 quam
1800 797 1942 875 illa,
1998 797 2196 881 cujus
2226 799 2534 862 umbram

351 903 605 963 secutus
661 903 764 960 est
821 897 1163 975 SocrateS,
1226 917 1380 981 quae
1432 898 1592 962 mihi
1643 898 1903 963 videtur
1947 920 2074 964 non
2125 908 2254 964 tam
2306 902 2459 984 ipsa
2481 905 2531 935 ¹²

349 1001 630 1084 aquula,⁸
663 1020 818 1083 quae
850 997 1269 1077 describitur,
1302 1019 1501 1083 quam
1537 1000 1849 1065 Platonis
1882 1003 2182 1066 oratione
2214 1001 2530 1066 crevisse:

347 1110 403 1167 et
429 1104 679 1187 quod¹³
724 1104 840 1166 ille
885 1103 1262 1167 durissimis
1307 1104 1601 1186 pedibus
1649 1105 1827 1180 fecit,
1871 1118 1949 1169 ut
1992 1126 2064 1169 se
2111 1103 2430 1187 abjiceret
2458 1105 2529 1167 in

344 1205 622 1279 herbam,
682 1216 883 1289 atque
927 1208 1028 1271 ita
1081 1208 1282 1285 illast*
1326 1227 1478 1291 quae
1525 1208 1910 1293 philosophi
1955 1207 2275 1271 divinitus
2306 1206 2527 1270 ferunt

343 1328 485 1371 esse
516 1306 730 1385 dicta,
773 1310 1170 1392 loqueretur,
1216 1309 1285 1372 id
1333 1311 1498 1374 meis
1544 1309 1827 1394 pedibus
1872 1319 2051 1373 certe
2098 1308 2379 1373 concedi
2426 1317 2533 1372 est

345 1413 646 1494 aequiusf
734 1412 841 1475 29.
884 1410 1063 1475 Tum
1089 1420 1137 1459 ¹⁵
1184 1411 1540 1477 Crassum:
1588 1412 1805 1476 Immo
1860 1432 2014 1476 vero
2060 1395 2530 1476 commodius⁸

338 1515 560 1595 etiam3
607 1515 1089 1598 pulvinosque*
1132 1518 1557 1599 poposcisse,
1605 1522 1673 1579 et
1715 1533 1942 1578 omnes
1987 1516 2054 1578 in
2099 1503 2527 1589 iis‘sedibuS,

339 1613 483 1700 quae
512 1625 701 1681 erant
733 1619 858 1682 sub
890 1618 1186 1700 platano,
1237 1619 1633 1683 consedisse
1667 1614 2014 1681 dicebat.¹⁶

413 1736 576 1785 vm.
625 1720 760 1799 Ibi,
805 1730 879 1785 ut
923 1741 1013 1786 ex
1059 1723 1334 1805 pristino
1360 1728 1379 1755 ¹
1427 1728 1783 1788 sermone¹¹
1822 1721 2268 1784 relaxarentur
2318 1719 2528 1787 animi

389 1919 412 1943 ³
445 1911 661 1960 Decursa
695 1912 765 1960 bis
786 1918 914 1962 terve
934 1913 1268 1962 ambulatione.
1296 1929 1311 1948 ⁶

391 1985 423 2008 ¹⁰
459 1978 606 2037 Cujus
630 1979 839 2026 meminit
860 1980 1005 2027 Plato
1029 1980 1080 2026 in
1102 1978 1330 2027 Phoedro.

387 2048 413 2073 ⁸
442 2043 572 2090 Mihi
590 2043 842 2090 Socratem
865 2049 912 2091 et
933 2046 1053 2092 bunc
1079 2045 1298 2093 Plutonis
1319 2044 1583 2104 Dialogum
1605 2043 1657 2092 in
1682 2045 1953 2092 memoriam
1977 2042 2234 2091 revocavit.

390 2114 415 2147 ἵ
446 2106 836 2156 Inumbranelum.
1292 2116 1313 2141 2
1349 2109 1458 2171 Ipso
1479 2110 1651 2158 rivulo.
2483 2155 2486 2158 .

387 2179 410 2201 ⁶
441 2172 596 2220 Multo
613 2174 796 2231 aquius
813 2178 901 2226 est,
916 2178 970 2221 ut
988 2175 1039 2221 id
1049 2172 1235 2231 faciam
1256 2176 1376 2236 quod
1386 2173 1504 2230 fecit
1526 2174 1763 2231 Socrates,
1775 2187 1944 2235 meque
1964 2171 2014 2220 in
2037 2173 2217 2220 mollem
2236 2170 2426 2219 herbam
2443 2170 2525 2218 ab·

319 2233 507 2293 ficiam:
542 2237 717 2300 quippe
733 2252 821 2285 non
844 2253 947 2284 sum
972 2244 1068 2285 tam
1090 2239 1224 2286 duris
1244 2239 1439 2299 pedibus
1460 2254 1599 2301 quam
1620 2240 1719 2292 ille,
1748 2238 1829 2302 qui
1848 2237 2014 2287 solitus
2046 2244 2148 2286 erat
2172 2238 2313 2286 nudis
2331 2236 2529 2299 pedibus

331 2301 534 2350 incedere
556 2320 572 2351 .·
611 2302 847 2349 laboribus
866 2317 959 2349 nou
981 2318 1082 2349 sum
1107 2309 1206 2351 eam
1226 2308 1444 2352 assuetus
1464 2318 1604 2366 quam
1624 2304 1724 2352 ille.

387 2363 409 2396 ⁶
441 2366 745 2415 Commodius
766 2382 906 2430 quam
928 2368 977 2415 in
995 2368 1125 2416 molli
1146 2368 1292 2417 herba
1312 2369 1590 2417 sedebimus.

1243 2519 1302 2539 O&
1310 2521 1357 2540 ,ὁ
1366 2520 1607 2540 ‘Coe-‘00'

331 2615 605 2667 Hori—11
644 2619 751 2667 Erl.
774 2623 823 2668 2.
845 2620 896 2667 in
927 2619 1149 2681 phaedone.
1216 2619 1363 2669 Idem
1388 2635 1525 2680 mox,
1561 2623 1624 2669 ad
1655 2620 1933 2680 placandum
1965 2618 2085 2666 bunc
2105 2620 2289 2675 locum‚·
2344 2616 2520 2665 Oxou.

329 2682 384 2736 Z,
404 2686 463 2734 ad
481 2686 901 2745 pacandum—12
937 2685 1140 2732 Schutz.
1163 2684 1277 2734 ista.
1346 2686 1498 2744 Mox,
1521 2685 1731 2733 oratione
1757 2684 1976 2732 Platonis
2001 2684 2105 2730 Erl.
2130 2686 2307 2732 2.-·13
2344 2681 2521 2730 Guelf.

328 2750 373 2794 2.
397 2753 442 2796 3.
462 2751 544 2797 sed
570 2751 712 2810 quod.
780 2749 930 2806 Mox,
957 2749 1130 2797 Oxou.
1154 2750 1222 2807 U,
1255 2752 1466 2800 ducimus
1483 2767 1503 2808 ‚²
1561 2750 1732 2799 Oxou.
1759 2768 1800 2802 ε.
1834 2748 2134 2796 durissimus.
2200 2745 2365 2795 Paulo
2405 2754 2524 2808 post

316 2809 432 2871 fecit
455 2815 607 2861 deest
631 2815 680 2860 in
708 2813 881 2861 Oxou.
917 2817 970 2873 β,
999 2821 1054 2864 ut
1076 2832 1105 2863 a
1126 2830 1176 2863 se
1198 2815 1370 2863 Oxou.
1395 2834 1435 2864 ε.
1504 2814 1732 2871 Deinde,
1772 2815 1823 2861 in
1845 2812 1987 2861 herba
2009 2813 2117 2861 Erl.
2141 2815 2188 2858 1.
2212 2809 2387 2859 Guelf.
2408 2816 2452 2860 1.
2474 2815 2525 2860 2.
2626 2864 2631 2867 λ

327 2878 439 2927 edd.
462 2880 545 2929 W.
574 2893 615 2925 s.
639 2880 672 2926 l.
694 2888 747 2926 et
768 2895 813 2926 a.
839 2880 978 2928 Kob.
1003 2889 1055 2927 et
1089 2880 1364 2931 Smin—14
1400 2880 1612 2929 Schutz.
1647 2880 1845 2927 delevit
1864 2879 1981 2934 ina,-
2029 2877 2105 2925 ita
2143 2890 2344 2938 quoque
2370 2875 2519 2924 Harl.

329 2947 640 2992 alletoritate
658 2943 808 2992 codd.
838 2945 942 2992 Erl.
968 2949 1017 2992 l.
1041 2939 1298 2994 2.'Guelf.
1321 2950 1369 2994 l.
1393 2954 1448 2994 et
1471 2944 1596 2994 edd.
1626 2945 1773 2993 Rom.
1791 2943 2221 2993 Kob.Jnnt.—-l5
2262 2942 2392 2989 Tune
2414 2941 2524 2990 Erl.

329 3010 373 3054 l.
438 3008 587 3056 Idem
609 3023 743 3067 mox,
760 3009 994 3071 pulvinos,
1017 3011 1125 3056 sine
1148 3025 1255 3072 que.
1328 3011 1555 3069 Deinde,
1579 3010 1632 3057 in
1656 3010 1757 3058 suis
1774 3008 1961 3056 sedibus
1985 3008 2091 3056 Erl.
2116 3010 2164 3053 1.
2185 3009 2369 3054 2.--16
2390 3006 2521 3055 Voc.

326 3072 500 3122 dicebat
527 3072 721 3122 delevit
741 3074 917 3121 Lami».
940 3081 992 3122 et
1013 3075 1087 3122 sic
1110 3075 1317 3133 Schutz.
1344 3084 1395 3124 et
1420 3075 1573 3124 Harl.
1599 3075 1914 3123 auctoritate
1939 3073 2055 3120 cod.
2080 3071 2257 3120 Mena.
2473 3091 2477 3095 ·

387 3138 521 3187 Cap.
545 3152 678 3188 vm.
748 3142 772 3187 1
813 3138 908 3202 Ibi,
944 3144 998 3187 ul
1033 3141 1086 3188 in
1122 3140 1326 3202 pristino
1364 3141 1540 3191 Oxou.
1577 3141 1645 3190 U.
1710 3140 1860 3200 Mox,
1898 3139 2181 3187 laxarentur
2214 3137 2387 3186 Oxon.
2408 3137 2521 3185 3.-

1319 3301 1536 3352 NOTAE

324 3391 494 3441 dorem
538 3390 963 3453 abstergendum.
985 3374 1108 3439 ¹cum
1147 3389 1378 3440 vestibus
1527 3399 1546 3424 ⁸
1580 3390 1807 3452 Phoedro]
1847 3388 2120 3450 Phaedrus,
2143 3387 2377 3449 dialogus
2395 3386 2519 3435 Pla-

323 3467 464 3515 lineis
498 3482 599 3515 non
633 3475 928 3527 uterentur,
958 3467 1195 3515 balneum
1231 3476 1377 3528 pete·
1460 3467 1618 3522 tonis,
1641 3468 1692 3514 in
1717 3481 1817 3531 quo
1840 3466 2104 3513 Socratem
2130 3464 2195 3510 de
2208 3463 2384 3511 divina
2404 3463 2517 3524 pul·

325 3541 482 3592 baut:
510 3545 764 3606 quadrans
791 3552 905 3592 erat
931 3545 1154 3606 pretium
1179 3545 1227 3593 in
1250 3544 1376 3609 pub·
1462 3540 1881 3602 chritudine,.de
1920 3540 2174 3601 dignitate
2218 3539 2517 3595 animorum,

323 3619 431 3669 licis
455 3621 652 3670 balneis
676 3621 785 3668 dari
811 3623 1038 3670 solitum.
1457 3621 1556 3667 &c.
1571 3618 1918 3680 disputantem
1935 3616 2154 3666 inducit.
2171 3614 2515 3679 Φαιδρδςῦτω-

387 3705 411 3745 ‘1
447 3700 551 3747 Cur
578 3712 670 3745 uon
708 3697 975 3760 imitamur]
1009 3697 1166 3759 Apud
1205 3698 1380 3746 Plato·
1463 3697 1540 3745 cis
1558 3697 1753 3759 pulcher
1769 3703 1869 3744 est.

325 3786 435 3822 uem
463 3775 514 3822 in
540 3773 746 3835 dialogo
782 3774 872 3837 qui
906 3773 1160 3821 Phaedrus
1197 3773 1377 3822 iuscri-
1524 3774 1542 3805 ‘
1577 3773 1826 3836 Pulvinos]
1856 3771 1958 3823 Qui
1998 3769 2190 3819 sacculi
2230 3775 2351 3816 snut
2392 3767 2518 3815 lana

325 3848 480 3914 bitur,
501 3852 741 3899 Socrates
766 3851 827 3899 ad
854 3850 1056 3899 llissum
1077 3851 1268 3900 Atticae
1283 3849 1378 3899 flu-
1460 3851 1544 3898 vel
1581 3858 1810 3899 tomento
1845 3846 1990 3904 farti,
2026 3847 2212 3910 quibus
2241 3844 2305 3893 ad
2330 3842 2514 3892 sedeu-

324 3927 457 3976 vium
503 3928 728 3975 molliter
770 3927 820 3974 in
869 3927 1028 3995 herba
1075 3927 1378 3978 recumbens
1461 3925 1582 3973 dum
1616 3926 1838 3985 mollius,
1873 3924 1953 3972 vel
1990 3922 2054 3972 ad
2091 3935 2258 3985 genua
2291 3933 2514 3969 commo-

323 4005 416 4053 sub
439 4006 542 4055 alta
577 4012 633 4053 et
665 4005 854 4067 patulis
879 4002 1067 4055 diffusa
1090 4004 1243 4053 ramis
1268 4006 1377 4069 pla·
1459 4002 1574 4051 dius
1602 4002 1839 4064 ponenda
1864 4002 2074 4050 utimur.

326 4087 461 4140 tanc,
486 4081 645 4130 multa
669 4081 893 4129 disserit.
955 4111 959 4116 -
1524 4085 1548 4111 ¹¹
1580 4080 1664 4126 Ex
1693 4077 1898 4140 pristino
1931 4075 2165 4138 sermone]
2204 4073 2266 4122 In
2307 4086 2410 4136 quo
2447 4070 2526 4133 de

384 4162 405 4188 ‘
437 4156 703 4219 Socratem]
741 4157 816 4202 De
840 4170 943 4219 quo
978 4155 1173 4207 dictum
1209 4157 1261 4207 in
1286 4172 1376 4208 no·
1457 4154 1679 4219 publicis
1723 4151 2104 4203 calamitatibus
2147 4149 2389 4201 collocuti
2429 4147 2511 4199 fu·

324 4212 390 4283 tis
413 4234 532 4284 adl.
558 4248 597 4283 1.
619 4233 683 4284 de
703 4233 909 4283 Iuveut.
930 4234 957 4296 §
978 4236 1060 4284 51.
1457 4237 1609 4282 erant
1631 4244 1731 4281 non
1751 4229 1863 4278 siue
1886 4227 2081 4279 dolore.
2184 4282 2190 4291 Ἰ
