3020 4942
539 364 671 431 918
900 436 906 444 ,
1305 383 1384 428 Μ.
1429 383 1496 430 T.
1543 382 1952 430 crcunoms

541 525 895 591 Platonem
942 546 1171 591 omnes
1226 525 1294 589 in
1346 525 1486 589 illis
1537 526 1788 590 artibus
1836 525 2464 608 praestantissimum
2519 526 2719 591 fuisse

538 626 900 693 fateantur.
985 627 1135 692 218.
1182 626 1311 705 Ac,
1372 628 1431 691 si
1479 627 1624 712 jam
1678 629 1919 711 placet,
1973 648 2205 692 omnes
2253 636 2432 695 artes
2486 633 2719 695 oratori

542 731 986 814 subjungere:
1026 730 1442 795 tolerabilius
1471 739 1601 809 est,
1633 732 1733 794 sic
1763 731 1994 814 potius
2017 730 2263 809 dicere,
2283 738 2377 807 ut,
2411 735 2719 817 quoniam

518 832 806 898 ,dicendi
849 833 1135 898 facultas
1181 852 1315 896 non
1364 833 1608 897 debeat
1657 852 1810 897 esse
1845 833 2077 917 jejuna
2123 842 2323 918 atque
2359 836 2563 911 nuda,
2605 838 2719 901 sed

537 955 817 1020 aspersa
860 942 1066 1019 atque
1114 935 1430 999 distincta
1473 936 1827 1000 multarum
1867 956 2081 1000 rerum
2102 937 2404 1020 jucunda
2434 939 2722 1021 quadam

537 1038 883 1115 varietate,
932 1038 1022 1102 sit
1063 1038 1216 1103 boni
1261 1038 1542 1101 oratoris
1575 1038 1781 1102 multa
1813 1039 2087 1108 auribus
2113 1041 2489 1123 accepisse,
2523 1043 2723 1108 multa

481 1135 486 1142 ’
536 1140 811 1220 vidisse,
842 1141 1053 1207 multa
1099 1141 1322 1205 animo
1375 1147 1445 1205 et
1489 1142 1920 1224 cogitatione,
1954 1142 2165 1207 multa
2211 1143 2414 1207 etiam
2443 1145 2724 1227 legendo

534 1246 974 1327 percurrisse:
1005 1265 1220 1328 neque
1244 1264 1345 1322 ea,
1375 1250 1448 1309 ut
1478 1264 1624 1320 sua,
1655 1245 2062 1329 possedisse,
2098 1246 2244 1323 sed,
2277 1253 2353 1311 ut
2382 1235 2630 1325 aliena,
2655 1248 2724 1312 li·

532 1348 786 1413 basse!
873 1348 1122 1413 Fateor
1165 1349 1363 1427 enim,
1401 1349 1766 1414 callidum·
1822 1348 2153 1433 quendam
2203 1349 2402 1424 hunc,
2449 1356 2516 1414 et
2544 1351 2721 1416 nulla

532 1451 600 1515 in
629 1472 699 1516 re
730 1452 1006 1517 tironem
1038 1470 1121 1516 ac
1148 1451 1433 1530 rudem,·
1473 1471 1597 1517 nec
1650 1452 2056 1535 peregrinum
2090 1457 2291 1538 atque
2341 1453 2723 1537 hospitem⁸

536 1556 607 1619 in
638 1556 896 1639 agendo
926 1574 1074 1619 esse
1106 1555 1368 1620 debere.

621 1676 720 1723 m.
761 1660 912 1724 219.
962 1658 1207 1741 Neque
1250 1677 1407 1724 vero
1455 1657 1606 1721 istis
1644 1657 1991 1739 tragoediis
2041 1653 2223 1736 tuisf
2251 1665 2273 1692 Γ
2316 1658 2590 1740 quibus,
2631 1659 2717 1721 uti

527 1761 915 1845 philosophi
960 1762 1254 1825 maxime
1293 1762 1540 1838 solent,
1573 1759 1840 1837 Crasse,
1887 1761 2260 1843 perturbor,
2311 1760 2491 1847 quod
2552 1762 2715 1825 ista'

529 1866 789 1944 dixisti,
818 1864 1141 1929 neminem
1169 1883 1371 1948 posse
1403 1881 1630 1927 eorum
1665 1871 1939 1940 menteS,
1972 1864 2089 1946 qui
2133 1863 2450 1941 audirent,
2480 1869 2596 1928 aut
2626 1864 2714 1927 in·
2767 1947 2772 1953 ·

527 1968 864 2033 flammare
908 1966 1212 2043 dicend0,
1266 1971 1379 2030 aut
1407 1966 1859 2031 inflammatas
1907 1966 2343 2048 restinguere,
2389 1985 2541 2030 cum
2590 1975 2713 2030 eo²

528 2070 830 2135 maxime
873 2070 984 2134 vis,
1026 2069 1305 2133 oratoris
1344 2069 1867 2154 magnitudoque
1904 2076 2236 2142 cernatur,
2282 2069 2408 2131 nisi
2454 2070 2573 2153 qui
2616 2089 2713 2132 re-

527 2192 672 2237 rum
723 2172 1015 2238 omnium
1067 2177 1390 2251 naturam,
1438 2192 1655 2236 mores
1704 2172 2045 2236 hominum
2107 2177 2314 2254 atque
2376 2173 2713 2235 rationes³

527 2276 796 2358 penitus
817 2275 1261 2359 perspexerit:
1287 2276 1353 2338 in
1380 2295 1508 2358 quo
1531 2274 1949 2358 philosophia
1964 2275 2052 2338 sit
2071 2274 2310 2338 oratori
2334 2276 2715 2338 necessario

526 2377 986 2461 percipienda:
1010 2378 1232 2460 quoin
1257 2377 1484 2441 studio
1502 2377 1839 2440 hominum
1865 2397 2136 2461 quoque
2158 2373 2712 2459 ingeniosissimoss

527 2498 673 2542 rum
712 2480 1401 2563 otiosissimorumque
1446 2486 1624 2544 totas
1667 2485 1902 2544 aetates
1946 2480 2252 2544 videmus
2298 2500 2447 2544 esse
2482 2480 2713 2545 contri-

529 2586 634 2646 tas
659 2582 721 2644 :⁶¹
729 2588 760 2629 4
787 2600 1063 2665 quorum
1082 2599 1209 2670 ego
1232 2580 1497 2664 copiam
1523 2580 2179 2665 magnitudinemque
2203 2583 2608 2665 cognitionis
2628 2588 2715 2646 at·

529 2704 662 2768 que
684 2685 846 2748 artis
864 2703 996 2747 non
1016 2682 1221 2747 modo
1238 2702 1377 2747 non
1401 2690 1787 2764 contemn0,
1811 2684 1930 2748 sed
1956 2687 2154 2749 etiam
2176 2685 2590 2749 vehementer
2607 2685 2714 2748 ad-

525 2787 769 2852 miror:
811 2787 1010 2852 nobis
1040 2795 1283 2864 tamen,
1315 2785 1436 2870 qui
1474 2786 1540 2849 in
1583 2786 1717 2851 hoc
1753 2789 2009 2872 populo
2051 2788 2328 2871 foroque
2359 2807 2713 2862 versamur,

456 2903 462 2910 ·
528 2890 698 2954 satis
728 2895 883 2967 est,⁵
926 2907 1009 2952 ea
1050 2887 1134 2951 de
1164 2888 1460 2952 moribus
1490 2888 1830 2955 hominum
1858 2894 1925 2954 et
1967 2890 2157 2968 scire,
2189 2898 2258 2954 et
2289 2891 2538 2969 dicere,
2573 2909 2714 2975 quae

526 3009 662 3056 non
705 2990 1057 3063 abhorrent
1086 2991 1174 3055 ab
1204 2991 1546 3057 hominum
1576 2993 1899 3056 moribus·
1983 2992 2134 3061 220.
2181 2991 2360 3072 Quis
2390 2996 2576 3058 enim
2606 3013 2709 3057 uu·

585 3197 612 3220 ³
637 3190 788 3245 Quem·
803 3191 1017 3248 famulas
1037 3190 1277 3252 subjicere.
1408 3200 1436 3235 9
1457 3193 1655 3242 Leviter
1676 3194 1916 3255 attiguae.
2004 3218 2012 3226 ·
2045 3201 2069 3226 ²
2091 3193 2426 3242 Exercitatum
2447 3199 2494 3242 et
2514 3199 2706 3243 acutum.

591 3262 616 3286 ⁰
655 3256 862 3303 Potitum
884 3271 972 3304 usu
994 3261 1038 3305 et
1068 3263 1186 3306 arte.
1448 3256 1471 3290 ὓ
1507 3259 1756 3317 Ignarum.

590 3326 611 3350 ⁰
648 3320 757 3367 Non
776 3335 960 3369 moveor
976 3322 1039 3370 iis
1060 3321 1320 3371 rationibus
1340 3338 1456 3386 quus
1478 3328 1577 3372 tam
1593 3324 1886 3374 vehementer
1906 3338 1962 3371 uc
1984 3322 2168 3383 tragice
2184 3322 2414 3373 attulisti.

590 3381 617 3415 ⁴¹
647 3384 815 3433 Totum
834 3385 981 3435 vitam
1003 3392 1305 3437 consumtum.

1438 3483 1799 3504 000000000000

592 3570 726 3619 CAP.
752 3585 822 3620 m.
891 3577 916 3621 l
955 3571 1041 3621 ΑΙ.
1066 3580 1185 3621 ante
1213 3574 1417 3622 Ernesti
1451 3577 1573 3636 quod
1594 3575 1684 3622 ita.
1754 3581 1768 3602 ⁸
1794 3574 1918 3623 Ern.
1951 3576 2064 3637 istu,
2099 3588 2275 3622 errore
2302 3580 2699 3636 typogr..propa-

526 3644 649 3698 gato
672 3651 702 3683 a
724 3635 893 3685 Mun!
931 3639 1081 3686 Orell.
1131 3641 1227 3686 ista
1266 3639 1420 3687 etiam
1464 3640 1710 3688 Ham—2
1744 3645 1758 3666 ‘
1779 3639 1995 3687 Cuidam
2033 3641 2188 3688 docto
2221 3640 2417 3700 placuit
2452 3653 2554 3687 cun
2575 3639 2621 3684 in
2641 3650 2699 3688 eo,

526 3701 663 3765 quod
692 3700 889 3761 probo.'
925 3703 1093 3751 Pearc.
1167 3703 1226 3750 In
1252 3705 1367 3752 cod.
1394 3705 1503 3753 Erl.
1524 3708 1569 3753 1.
1595 3718 1739 3752 voce.
1771 3706 1939 3763 uolent,
1966 3706 2158 3765 crasse,
2180 3705 2490 3767 perturbor..
2510 3714 2699 3751 ,σκηιεο

525 3767 747 3827 maxime,
769 3781 947 3815 errore
971 3768 1160 3817 librarii
1187 3767 1488 3818 domme-3
1527 3769 1731 3818 Schmz.
1766 3769 1860 3817 nisi
1880 3770 1961 3832 qui
1982 3770 2220 3818 hominum
2254 3775 2472 3818 naturum
2502 3774 2549 3816 et
2568 3772 2701 3814 motus

522 3832 785 3879 anivnorum
819 3847 1062 3894 eorumque
1095 3833 1304 3882 rationes
1321 3850 1340 3892 ,-
1376 3834 1557 3882 Lamb.
1589 3851 1645 3882 αι·
1675 3834 2000 3883 rationem—4
2036 3834 2143 3883 Erl.
2169 3837 2216 3883 1.
2247 3848 2346 3882 esse
2374 3832 2694 3882 contrarius.—

525 3901 556 3946 5
595 3897 773 3946 Lamb.
815 3902 885 3946 est
926 3898 1063 3949 satis.
1129 3898 1277 3955 Mox,
1317 3914 1374 3948 ea
1413 3902 1471 3948 de
1513 3900 1716 3948 nutibus
1756 3899 2023 3948 animorum
2066 3899 2200 3963 conj.
2240 3899 2482 3958 Ernesti;
2517 3894 2695 3958 recepit

1516 4028 1564 4078 N
1574 4029 1729 4078 OTAE

589 4128 613 4157 ¹·
657 4123 778 4172 Istis
821 4122 1068 4185 trugoediis
1111 4123 1233 4190 tuis]
1291 4125 1588 4185 Tragoedias
1659 4124 1945 4188 goediarum
1988 4124 2266 4179 actoribus,
2311 4138 2542 4188 magnam
2580 4115 2691 4168 faci-

526 4199 579 4248 in
602 4201 749 4264 nugis
769 4214 928 4260 agere
947 4199 1207 4268 dicuntur,
1230 4201 1316 4265 qui
1344 4216 1448 4249 rem
1474 4216 1587 4263 par·
1659 4210 1767 4251 unt.
2056 4221 2067 4226 ·

529 4291 644 4327 vam
677 4275 1009 4339 clamitando,
1045 4285 1101 4328 ut
1124 4270 1238 4327 fieri
1259 4279 1391 4328 solet
1418 4294 1449 4327 a
1483 4287 1589 4329 tra·
