3020 4942
529 335 659 402 820
1212 381 1217 388 .
1298 349 1397 395 Μ.
1444 351 1514 397 T.
1560 348 1963 400 oronam-us

529 506 999 582 posteaquam,
1029 496 1310 580 imperio
1344 496 1638 560 orn-nium
1670 493 2011 579 gentiumb
2041 493 2453 569 constituto,’
2481 494 2727 560 diutur-

529 601 708 664 nitas
763 600 955 681 pacis
1006 599 1210 663 otium
1259 599 1699 672 confirmavit,
1750 618 1944 662 nemo
1986 597 2120 661 fere
2169 596 2389 661 laudis
2440 599 2728 681 cupidus

533 704 928 768 adolescens
972 722 1103 766 non
1148 702 1277 764 sibi
1323 701 1408 764 ad
1453 700 1801 766 dicendum
1848 700 2075 764 studio
2121 702 2299 763 omni
2348 700 2727 764 enitendum

531 808 843 890 putavit.⁴
929 804 1034 869 Ac
1079 805 1295 888 primo
1342 804 1610 886 quidem
1658 804 1863 867 totius
1904 803 2271 866 rationis¹·5
2315 801 2572 883 ignari,⁶
2616 803 2728 886 qui

533 929 747 992 neque
796 907 1292 972 exercitationis
1343 907 1544 968 ullam
1591 905 1788 978 viam,
1841 924 2058 987 neque
2102 904 2382 986 aliquod
2431 903 2731 987 praecep·-

533 1017 677 1075 tum
727 1012 896 1074 artis
940 1030 1093 1073 esse
1141 1010 1633 1085 arbitrarentur,
1681 1013 1954 1085 tantum,
1995 1011 2312 1090 quantum
2350 1007 2624 1089 ingenio
2665 1015 2730 1071 et

536 1114 942 1195 cogitatione
983 1116 1306 1195 poterant,
1348 1091 1972 1194 consequebantur!
2057 1110 2228 1173 Post
2266 1116 2516 1186 antem,
2547 1111 2731 1174 audi-

533 1216 618 1280 tis
661 1216 1045 1279 oratoribus
1089 1213 1376 1290 Graecis,
1407 1213 1827 1295 cognitisque
1859 1231 2085 1275 eorum
2117 1212 2352 1287 literis,
2380 1211 2732 1276 adhibitis-

536 1338 668 1401 que
700 1315 1140 1393 doctoribuS,⁶
1167 1315 1546 1381 incredibili
1578 1315 1866 1398 quodam
1898 1315 2103 1380 nostri
2132 1314 2438 1377 homines
2468 1315 2732 1379 dicendi

535 1419 758 1485 studio
789 1419 1256 1500 flagraverunt.
1351 1420 1453 1482 15.
1501 1417 1871 1481 Excitabat
1898 1436 2021 1481 eos
2053 1416 2438 1499 magnitudo
2468 1424 2582 1481 et?
2620 1437 2732 1481 va-

533 1524 763 1598 rietaS,
799 1522 1288 1604 multitudoque
1331 1520 1397 1583 in
1444 1519 1629 1582 omni
1677 1539 1916 1601 genere
1944 1540 2321 1598 cansarum,
2355 1525 2426 1583 ut
2468 1520 2553 1584 ad
2586 1540 2732 1583 eam

536 1626 930 1699 doctrinam,
950 1642 1154 1708 quam
1180 1643 1308 1687 suo
1337 1624 1626 1707 quisque
1649 1623 1870 1686 studio
1897 1631 2256 1686 assecutus
2283 1630 2479 1697 esset,
2504 1622 2733 1705 adjun-

535 1736 794 1811 geretur
839 1739 1007 1791 usns
1049 1727 1381 1810 frequens,
1415 1728 1532 1811 qui
1574 1725 1870 1789 omnium
1901 1728 2359 1809 magistrorum
2390 1735 2735 1810 praecepta

536 1837 941 1914 superaret.-
991 1828 1199 1893 Erant
1241 1837 1465 1893 autem
1516 1828 1672 1891 hnic
1716 1828 1944 1892 studio
1992 1829 2308 1905 maxima,
2356 1848 2509 1910 quae
2557 1848 2735 1891 nunc

537 1952 803 2017 quoque
833 1931 1010 2005 sunr,
1039 1932 1351 2014 exposita
1381 1933 1685 2014 praemia,
1710 1932 1813 1996 vel
1844 1932 1930 1995 ad
1962 1931 2258 2012 gratiam,
2289 1931 2391 1995 vel
2423 1931 2509 1995 ad
2544 1951 2749 2020 opeS,⁸

537 2034 642 2097 vel
687 2034 771 2096 ad
818 2032 1232 2114 dignitatem.
1324 2030 1650 2115 Ingeniad
1695 2053 1855 2097 vero
1882 2036 1988 2112 (nt
2018 2034 2240 2099 multis
2270 2034 2469 2097 rebus
2499 2053 2731 2116 possu-

536 2157 685 2199 mus
706 2136 1041 2220 judicare)
1072 2142 1439 2199 nostrorum
1472 2136 1810 2201 hominum
1840 2139 2119 2202 multum
2152 2138 2389 2201 ceteris
2421 2137 2730 2221 [hornini-

538 2237 740 2317 bus]⁸
782 2238 1070 2301 omniurn
1104 2238 1396 2319 gentium
1429 2239 1908 2320 praestiterunt.
1998 2238 2107 2305 16.
2156 2236 2428 2317 Quibus
2459 2238 2542 2300 de
2579 2257 2732 2302 cau-

422 2414 433 2427 ·
601 2397 624 2421 ¹²
658 2390 812 2438 Romu
833 2393 980 2438 totum
990 2390 1101 2448 fere
1121 2393 1359 2438 terrarum
1379 2389 1627 2452 imperium
1647 2389 1901 2440 obtinente.

441 2493 449 2503 ,
538 2500 541 2501 ⁷
600 2463 636 2488 ¹⁰
668 2454 823 2505 Artis.
955 2513 961 2519 ,
1082 2462 1108 2487 ⁸
1142 2455 1203 2504 In
1225 2456 1489 2519 eloquentia
1506 2454 1831 2520 prqliciebane.

1461 2583 1831 2605 OOOOOOOOOOO

533 2676 744 2741 profecto
776 2677 1053 2740 eloquentie
1078 2672 1239 2724 stadia
1270 2676 1642 2735 „ignauum—4
1675 2678 1691 2705 ‘
1716 2676 1780 2725 In
1816 2675 1970 2725 codd.
2005 2676 2115 2724 Eri.
2141 2680 2187 2725 1.
2218 2680 2267 2724 2.
2305 2684 2447 2724 totus
2486 2676 2571 2724 bic
2594 2677 2733 2727 locus

538 2745 693 2804 culpa
718 2744 929 2796 librarii.
952 2743 1112 2790 oculis
1139 2742 1202 2790 ab
1227 2744 1371 2791 exitu
1393 2743 1482 2789 τοῦ
1502 2741 1728 2806 firmavit
1754 2741 1816 2789 ad
1837 2742 2027 2804 putavit
2049 2742 2431 2802 aberrantibus,
2469 2747 2547 2790 est
2591 2745 2735 2791 omis·

538 2808 661 2857 sus.’
701 2808 845 2858 Harl.
915 2807 1054 2870 Lips.
1094 2822 1227 2856 nemo
1256 2822 1393 2855 vere.
1423 2841 1436 2855 .
1462 2839 1475 2852 .
1495 2809 1616 2856 eniti
1654 2808 1877 2869 putum,-
1911 2808 2012 2854 duo
2037 2822 2123 2869 ap.
2157 2808 2324 2856 Orell.
2347 2807 2474 2856 omni
2495 2808 2735 2856 studio.—

538 2881 568 2923 5
604 2873 714 2922 Eri.
741 2877 788 2922 l.
829 2888 856 2919 a
883 2887 952 2922 m.
989 2886 1066 2932 pr.
1105 2872 1342 2934 regionis,·
1393 2873 1543 2919 Rom.
1581 2871 1720 2919 Kob.
1764 2872 1907 2932 Lips.
1939 2872 2185 2922 orationis.
2256 2871 2402 2928 Mox,
2442 2875 2556 2920 ioco
2594 2873 2735 2933 vium,

538 2936 717 2988 Guelf.
751 2942 797 2986 1.
853 2937 1032 2986 Guelf.
1059 2940 1107 2984 3.
1152 2952 1181 2984 s
1207 2952 1273 2984 m.
1306 2950 1412 2985 sec.
1435 2937 1610 2986 Oxou.
1646 2936 1689 2986 Z
1714 2952 1751 2997 ’γ
1784 2938 1812 2985 δ
1842 2955 1883 2995 ε,
1929 2936 2037 2986 Eri.
2065 2942 2110 2985 1.
2131 2940 2181 2986 2.
2222 2936 2378 2987 Rom.
2412 2937 2550 2986 Kob.
2588 2937 2736 2988 Jnut.

533 3000 737 3051 habent
773 3003 984 3051 vim—6
1035 3002 1140 3050 Eri.
1199 3006 1246 3050 1.
1289 3006 1338 3049 2.
1394 3001 1692 3064 cognitisque
1740 3002 2029 3064 ductoribus,
2082 3004 2280 3050 omissis
2337 3003 2737 3051 intermediis.—

522 3072 569 3116 ‘7
614 3067 884 3116 Parricida
927 3074 972 3115 et
1010 3067 1156 3115 abest
1199 3068 1251 3113 in
1293 3064 1445 3115 codd.
1505 3066 1617 3114 Eri.
1643 3071 1689 3115 l.
1723 3070 1769 3116 2.
1817 3078 1872 3116 et
1926 3066 2104 3116 Guelf.
2145 3073 2192 3117 1.
2229 3084 2284 3116 uc
2325 3068 2537 3117 varietas
2591 3070 2739 3117 Rom.

541 3133 678 3180 Kob.
761 3132 928 3180 Paulo
959 3141 1097 3194 post,
1126 3134 1282 3179 studio
1322 3137 1597 3180 consecutus
1630 3130 1804 3180 Guelf.
1829 3137 1876 3180 1.
1910 3137 1960 3180 2.
1997 3133 2172 3182 Oxon.
2206 3151 2247 3181 ε.
2276 3148 2316 3182 s.
2351 3139 2596 3181 assecutus
2630 3135 2737 3182 E'rl.

541 3203 587 3246 l.
639 3213 667 3244 a
715 3211 783 3244 ιιι.
831 3212 908 3259 pr.
955 3197 1045 3244 sed
1092 3211 1122 3243 a
1163 3205 1460 3244 correctore
1517 3202 1903 3246 consecunoe.·-8
1960 3197 2076 3246 Hoc
2117 3199 2297 3246 vocab.
2331 3206 2573 3262 tanquam
2620 3213 2740 3261 spu·

540 3263 672 3311 rium
729 3264 874 3311 uncis
928 3261 1140 3312 inclusit
1209 3261 1439 3323 Ernesti,
1507 3270 1563 3310 et
1631 3262 1802 3311 ceteris
1868 3263 2111 3327 intelligit
2188 3263 2410 3326 ingeniis.
2522 3263 2739 3314 Censori

1530 3383 1747 3434 NOTAE

605 3471 630 3506 δ
683 3472 887 3536 Imperio
923 3471 1129 3522 omnium
1168 3471 1407 3534 gentium]
1445 3472 1596 3523 Cele-
1634 3468 1652 3476 ’
1742 3481 1765 3508 ⁶
1802 3475 1966 3524 Totius
2005 3476 2207 3524 rationis
2240 3474 2424 3538 ignari]
2453 3476 2729 3524 Suetonius

540 3552 788 3602 ben-imas
819 3561 1021 3614 gentes,
1055 3566 1157 3599 non
1197 3560 1369 3601 tamen
1403 3566 1600 3612 ornnes,
1680 3551 1771 3601 lib·
1793 3552 1858 3599 de
1895 3553 2062 3601 Chris
2095 3554 2405 3602 Rhetoribns
2431 3555 2734 3602 rhetoricam

542 3630 765 3678 Romani
788 3628 1060 3683 siibeoeere.
1128 3628 1190 3677 In
1217 3627 1438 3677 Oriente
1468 3627 1598 3675 Par·
1681 3630 1816 3689 apud
1832 3629 2088 3678 Romanos
2113 3629 2336 3692 perinde
2354 3645 2415 3678 ac
2440 3633 2735 3693 grammati·

543 3708 617 3755 tbi
663 3720 871 3770 semper
917 3705 1195 3756 indomiti:
1254 3705 1598 3766 Septemtrio-
1682 3719 1792 3752 carn
1836 3704 2095 3755 difficilius
2133 3715 2412 3769 receptam.
2460 3708 2616 3755 immo
2655 3723 2737 3755 ve·

542 3798 659 3832 nem
709 3798 886 3832 versus
925 3783 1058 3831 nitra
1096 3782 1270 3830 Albim
1309 3782 1598 3830 Romanurn
1685 3786 1797 3830 tere
1842 3784 2289 3831 senatusconsulto
2328 3782 2652 3846 philosophos
2685 3793 2738 3832 et

542 3859 808 3919 imperium
829 3872 1086 3922 nunquam
1105 3867 1375 3906 extensum
1396 3864 1494 3913 est,
1513 3871 1603 3903 ne·
1684 3857 1922 3906 rhetores
1932 3872 1995 3906 ex
2010 3858 2137 3907 urbe
2153 3860 2346 3922 ejectos
2365 3860 2514 3917 dicit,
2529 3859 2591 3908 C.
2608 3860 2739 3909 Fan·

542 3937 662 3983 dum
701 3944 822 3983 ante
864 3934 1133 3982 Ciceronis
1167 3943 1374 3984 aetstem
1418 3933 1605 3984 fuisset
1687 3933 1789 3996 nio,
1826 3933 2100 3997 Strabone,
2140 3934 2215 3984 M.
2252 3935 2460 3982 Valerio
2509 3935 2737 3985 Messala

546 4020 656 4061 toto
701 4011 824 4059 orbe
865 4013 1220 4060 constitutum.
1286 4010 1474 4075 Itaque
1523 4012 1600 4058 vel
1684 4025 1816 4059 coss.
1851 4010 1919 4062 A.
1939 4011 2005 4060 U.
2028 4011 2087 4059 C.
2111 4014 2364 4060 6940ante
2390 4011 2513 4060 chr.
2539 4016 2653 4061 160.

541 4089 627 4135 bie
650 4087 820 4135 utitur
839 4086 1126 4150 hyperbole
1161 4088 1377 4144 Tullius,
1415 4088 1498 4136 vel
1531 4087 1606 4143 ci·
1746 4087 1772 4122 ⁴¹
1806 4087 2033 4150 Ingenia]
2067 4089 2083 4116 ‘
2107 4086 2249 4136 Nihil
2287 4095 2555 4150 praecepta
2583 4098 2734 4151 arque

544 4165 681 4210 vium
717 4170 922 4210 suorum
968 4162 1173 4213 auribus
1216 4165 1380 4215 servit
1430 4164 1604 4228 potius
1684 4170 1825 4211 artes
1850 4164 2044 4224 valent,
2070 4161 2168 4210 nisi
2202 4162 2482 4225 adjuvante
2517 4162 2735 4219 natur-u,2

543 4254 694 4303 quarn
715 4239 942 4287 veritati.
1687 4240 1853 4304 inquit
1869 4239 2057 4290 Fabius
2073 4240 2122 4289 in
2145 4239 2371 4289 Prooem.
2397 4240 2485 4289 tib.
2508 4255 2545 4292 r.
2564 4243 2579 4269 ‘
2599 4241 2730 4292 Qus-
