3020 4942
498 322 669 388 1144
1260 337 1340 384 Μ.
1384 336 1454 385 Τ.
1501 333 1908 384 cronnoms

501 501 710 565 prope
741 488 1090 546 venustate
1121 481 1471 561 tractavit3
1516 485 1723 565 atque
1768 477 1888 557 ita,
1932 484 2007 544 ut
2036 496 2253 561 neque
2272 478 2480 561 jocus
2510 493 2689 559 mag-

495 584 790 648 nitudine
823 603 1032 668 rerum
1064 583 1541 662 excluderetur,
1572 604 1698 649 nec
1727 584 2023 667 gravitas
2056 581 2328 647 facetiis
2365 583 2686 645 minuere-

496 686 646 750 tur?
734 687 840 752 31.
889 687 1067 751 Ecce
1098 696 1465 771 praesentes
1496 687 1630 751 duo
1662 707 1873 770 prope
1905 687 2207 770 aequales
2249 685 2596 767 Sulpicius
2625 690 2689 748 et

496 790 733 855 Cotta:
778 791 939 874 quid
971 797 1102 855 tam
1132 791 1302 855 inter
1331 811 1405 855 se
1436 791 1762 855 dissimile
1787 791 1818 853 ‘l
1865 789 2027 875 quid
2059 798 2196 853 tam
2227 789 2296 852 in
2332 808 2460 852 suo
2488 807 2690 870 geue-

494 914 565 956 re
613 894 986 977 praestans?
1031 894 1298 959 limatus
1339 894 1515 957 alter
1551 900 1619 957 et
1662 893 1954 971 subtilis,
1983 911 2121 956 rem
2154 892 2503 975 explicans
2537 910 2688 973 pro-

493 996 661 1078 priis
708 998 1020 1082 aptisque
1063 996 1367 1062 verbisz'
1412 996 1620 1060 haeret
1665 997 1732 1060 iu
1777 1014 1987 1060 causa
2044 1013 2329 1078 semper,
2378 1002 2471 1067 et,
2524 992 2690 1076 quid

483 1098 701 1183 judici
731 1099 1140 1182 probandum
1171 1099 1285 1176 sit,
1316 1118 1467 1162 cum
1499 1098 1887 1163 acutissime
1919 1097 2107 1171 vidit,
2142 1097 2412 1161 omissis
2445 1096 2693 1160 ceteris

497 1203 916 1285 argumentis,
949 1204 1014 1266 in
1045 1222 1126 1267 eo
1158 1210 1447 1272 mentem
1480 1202 1982 1285 orationemque
2013 1200 2265 1283 defigit.
2341 1199 2692 1282 Sulpicius

494 1313 715 1370 autem
771 1306 1132 1370 fortissimo
1190 1306 1480 1389 quodam
1540 1306 1749 1370 animi
1823 1306 2100 1388 impetu,
2155 1304 2552 1388 plenissima
2624 1291 2708 1365 et

491 1408 789 1471 maxima
844 1427 1033 1485 voce,
1079 1428 1336 1473 summa
1382 1410 1813 1473 contentione
1858 1409 2185 1490 corporis,
2241 1411 2310 1470 et
2361 1406 2695 1488 dignitate

492 1517 732 1586 motus,
764 1513 1112 1575 verborum
1145 1531 1413 1595 quoque
1442 1531 1522 1576 ea
1549 1513 1877 1594 gravitate
1921 1518 1991 1576 et
2022 1512 2225 1594 copia
2255 1517 2381 1587 est,
2411 1516 2488 1573 ut
2521 1528 2699 1572 unus

495 1612 579 1676 ad
610 1614 959 1678 dicendum
995 1614 1547 1682 instructissimus
1588 1635 1631 1679 a
1670 1625 1909 1679 natura
1955 1635 2107 1679 esse
2155 1614 2483 1678 videatur.
2579 1628 2696 1675 lx.

492 1716 600 1779 32.
647 1716 759 1781 Ad
807 1718 1309 1799 nosmetipsos⁶
1341 1717 1487 1800 jam
1540 1723 1867 1781 revertor:
1916 1717 2232 1800 quoniam
2287 1717 2388 1780 sic
2442 1715 2696 1779 fuimus

494 1839 755 1902 semper
782 1822 1182 1903 comparati,
1204 1828 1279 1884 ut
1299 1820 1633 1884 hominum
1664 1821 2075 1885 sermonibus
2102 1820 2296 1903 quasi
2325 1822 2391 1882 in
2419 1818 2696 1902 aliquod

495 1924 932 1987 contentionis
977 1905 1311 2006 judicium
1372 1943 1763 1988 vocaremur
1788 1945 1805 1989 :
1826 1925 1855 1963 ⁴
1917 1922 2078 2007 quid
2132 1932 2268 1989 ta'm
2333 1922 2694 2000 dissimile,

495 2044 697 2107 quam
729 2047 853 2108 ego
881 2028 944 2090 in
977 2028 1259 2092 dicendo
1283 2034 1350 2092 et
1381 2026 1708 2092 Antonius
1730 2026 1761 2089 ‘l
1806 2046 1959 2090 cum
1990 2028 2104 2091 ille
2130 2029 2188 2090 is
2218 2028 2305 2091 sit
2330 2035 2583 2100 orator,
2618 2033 2698 2089 ut

492 2127 652 2191 nihil
701 2148 780 2193 eo
837 2131 1057 2212 possit
1100 2151 1254 2195 esse
1301 2132 1782 2215 praestantius;
1828 2151 1952 2213 ego
2005 2138 2253 2206 autem,
2302 2148 2696 2213 quanquam

492 2239 732 2295 memet
763 2233 889 2295 mei
932 2235 1262 2316 poeuitet,⁴
1307 2255 1457 2300 cum
1491 2236 1621 2298 hoc
1652 2236 1947 2298 maxime
1977 2241 2206 2298 tamen
2235 2234 2303 2296 in
2338 2252 2699 2315 compara-

462 2334 673 2418 'tione
705 2336 1115 2419 conjungar.¹
1206 2336 1586 2411 Videtisne,
1620 2358 1828 2421 genus
1858 2337 1986 2401 hoc
2018 2335 2197 2420 quod
2232 2337 2322 2400 sit
2360 2336 2694 2399 Antonii?

491 2434 687 2514 sorte,
717 2437 1096 2514 vehemenS,
1129 2445 1527 2505 commotum
1559 2441 1624 2503 iu
1672 2440 1955 2522 agendo,
1993 2439 2461 2523 praemunitum
2498 2445 2570 2502 et
2602 2456 2695 2501 ex

496 2540 720 2603 omni²
765 2550 954 2625 parte
987 2564 1214 2610 causae
1261 2558 1551 2628 septum,
1604 2564 1781 2621 acre,
1812 2552 2111 2619 acutum,
2151 2541 2595 2617 enucleatum,
2627 2544 2696 2606 in

492 2662 893 2728 unaquaque
935 2667 1009 2711 re
1061 2667 1504 2725 commorans»,
1553 2647 1825 2712 honeste
1883 2647 2150 2723 cedens,
2203 2647 2453 2710 acriter
2513 2646 2693 2708 inse-

499 2767 731 2828 quenS,
763 2758 1033 2822 terrens,
1070 2752 1488 2835 supplicanS,
1522 2771 1780 2816 summa
1800 2749 2117 2814 orationis
2142 2750 2488 2824 varietate,
2511 2749 2695 2811 nulla

494 2860 867 2915 nostrarum
901 2855 1153 2917 aurium
1187 2854 1523 2918 satietate.
1608 2854 1716 2918 33.
1763 2851 1914 2916 Nos
1959 2861 2204 2930 autem,
2254 2849 2703 2934 quicumques

564 3099 586 3131 ⁶
624 3102 768 3213 (gotta
804 3102 983 3151 scilicet
1021 3108 1124 3151 erat
1159 3109 1257 3152 tam
1298 3108 1514 3168 exactus,
1549 3108 1604 3153 ut
1638 3102 1762 3152 nihil
1801 3102 1902 3151 nisi
1944 3103 2067 3165 quod
2104 3115 2295 3150 causam
2331 3105 2588 3163 spectaret,
2628 3101 2697 3149 lo-

500 3179 637 3227 quere
662 3179 735 3212 ur.
1859 3186 1862 3189 ·
2550 3191 2553 3194 ·

565 3237 585 3262 ⁶
623 3231 844 3278 Crassum
869 3236 916 3279 et
934 3230 1211 3281 Antonium.

495 3292 942 3422 purgarat-ahmin&
962 3312 1067 3346 cum
1087 3300 1144 3345 de
1166 3297 1299 3346 nobis
1321 3298 1635 3361 loquerentur,
1668 3297 1978 3360 ambigerent,
2015 3298 2437 3358 contenderentque
2463 3300 2572 3344 uter
2597 3295 2702 3344 utri

565 3431 583 3455 ‘
617 3425 729 3473 Non
751 3425 866 3473 mihi
888 3425 987 3488 ipse
1007 3425 1265 3486 satisfacio.
1396 3452 1399 3453 ⁷
1583 3425 1619 3469 s
1646 3428 2089 3490 Quantulicamque.

1414 3594 1648 3615 Oeeeeeee
1654 3594 1767 3614 &OOC

496 3720 750 3779 Schutzio‚
773 3721 1005 3784 quamvis
1044 3723 1122 3770 bis
1158 3723 1389 3782 agnoscit
1427 3722 1630 3772 Nonius
1653 3722 1705 3771 in
1729 3737 1776 3773 v.
1814 3724 1828 3748 ‘
1853 3721 2174 3781 Remissum,'
2196 3728 2251 3768 et
2274 3720 2323 3768 in
2348 3735 2398 3768 v.
2434 3721 2449 3746 ⁴
2477 3719 2702 3776 Hilare,’

496 3787 582 3834 nbi
607 3786 752 3835 serias
774 3801 867 3847 pro
890 3801 1089 3836 severas.
1142 3788 1328 3838 Pearc.
1350 3790 1485 3852 conj.
1508 3789 1675 3851 tristes
1694 3789 1864 3850 hilare,
1884 3802 2070 3836 severas
2089 3787 2298 3836 remisse.
2366 3785 2539 3834 Paulo
2562 3797 2702 3848 post,

494 3866 641 3914 neque
658 3852 880 3912 gravitas
903 3853 1081 3902 Lamb.

563 3917 699 3967 Cu».
718 3931 799 3967 ix.
838 3922 860 3964 l
900 3918 1080 3967 Lamb.
1102 3919 1242 3981 conj.
1261 3933 1369 3981 ego,
1393 3917 1682 3982 (quanquam
1710 3933 1784 3967 me
1815 3917 1907 3966 mei
1935 3913 2177 3979 poenitet,)
2196 3930 2301 3964 cum
2320 3916 2407 3963 hoc
2427 3929 2492 3964 m.
2517 3919 2554 3963 t.
2577 3915 2632 3962 in
2655 3930 2699 3964 c.

492 3981 767 4043 conjungor.
803 3986 818 4010 ⁶
837 3983 1069 4032 Vitiosus
1093 3985 1244 4046 plane
1267 3993 1347 4033 est
1371 3985 1536 4041 locus,
1561 3998 1659 4032 nec
1676 3983 2011 4032 Lambiniana
2035 3983 2192 4030 lectio
2216 3982 2336 4028 mihi
2357 3981 2484 4028 satis
2506 3981 2701 4042 placet.

496 4047 794 4102 Legendum
819 4050 990 4110 potius
1013 4057 1155 4109 puto,
1169 4065 1255 4110 ego
1272 4055 1538 4105 autem—,-
1570 4064 1835 4112 quan-quam
1854 4054 2020 4096 memet
2044 4046 2137 4095 mei
2152 4046 2365 4108 poenitet,
2382 4061 2486 4094 cum
2587 4061 2698 4094 eon·

480 4109 700 4172 jungor?
736 4112 923 4162 Pearc.
991 4115 1195 4163 Ernesti
1235 4115 1686 4177 transpositionem
1725 4129 1753 4162 a
1791 4115 2010 4163 librariis
2040 4111 2231 4160 factam
2256 4108 2366 4159 esse
2391 4111 2698 4173 suspicaba-

498 4185 603 4235 tur,
626 4178 722 4224 hoc
757 4178 910 4225 modo
948 4178 1344 4234 reformandam,
1367 4181 1574 4230 camille
1596 4213 1610 4228 .
1636 4215 1648 4227 .
1673 4214 1686 4228 .
1720 4179 2044 4243 praestantiae,
2067 4192 2175 4238 ego,
2195 4191 2458 4240 quanquam
2494 4191 2570 4223 me
2605 4176 2698 4243 mei

495 4241 708 4302 poenitet,
743 4242 1021 4305 conjungar.
1089 4246 1221 4302 Quid
1254 4252 1355 4295 tam
1387 4248 1437 4295 d.
1457 4263 1503 4311 q.
1528 4261 1571 4296 e.
1591 4246 1643 4295 iu
1664 4247 1714 4296 d.
1748 4251 1797 4294 et
1819 4241 2194 4295 Antwim?—2
2225 4243 2334 4294 Eri.
2372 4248 2418 4292 1.
2454 4247 2600 4304 atque
2636 4256 2698 4291 a
