3020 4942
975 348 1072 395 DE
1120 346 1497 408 oRA'rons,
1545 347 1667 394 111.
1706 332 1815 396 45.
2320 331 2492 397 1215
2589 370 2598 375 a

301 491 645 555 vincerent
674 490 930 555 aurium
972 490 1371 555 satietatem.
1461 489 1644 556 Haec
1672 491 1874 574 igitur
1919 492 2076 564 duo,
2108 491 2298 556 vocis
2337 491 2489 557 dico

301 594 845 689 moderationem,
876 599 943 657 et
971 593 1316 657 verborum
1357 593 1879 671 conclusionem,
1910 593 2135 677 quoad
2166 594 2491 658 orationis

303 698 628 761 severitas
658 695 798 779 pati
829 695 1072 779 possit,
1101 713 1143 758 a
1174 693 1448 777 poetica
1480 693 1567 758 ad
1602 694 2052 777 eloquentiam
2086 694 2493 760 traducenda

302 799 685 863 duxerunt.⁵
772 797 921 862 175.
968 796 1046 860 In
1078 815 1213 879 quo
1234 794 1406 860 illud
1436 800 1547 860 est
1568 795 1680 860 vel
1712 797 2108 875 maximum,
2139 796 2318 881 quod
2344 816 2491 862 ver-
2566 812 2577 829 ⁸

304 920 421 965 sus
451 901 520 964 in
551 900 854 964 oratione
896 900 954 963 si
1000 897 1284 964 efficitur
1328 897 1799 985 conjunctione
1847 902 2224 980 verborum,
2254 899 2493 963 vitium

283 1007 494 1082 'est35
538 1007 607 1066 et
635 1006 852 1066 tamen
884 1020 1031 1066 eam
1061 998 1090 1040 ⁶
1133 1000 1690 1084 conjunctionem,
1721 1001 1923 1067 sicuti
1945 1021 2236 1080 versum,
2267 1020 2490 1065 nume-

301 1125 455 1169 rose
487 1104 730 1169 cadere
749 1112 773 1140 ³
814 1111 881 1169 et
903 1104 1251 1188 quadrare,
1283 1110 1356 1169 et
1386 1103 1611 1188 perfici
1643 1105 1989 1172 volumus:
2023 1124 2238 1195 neque
2270 1110 2375 1169 est
2402 1122 2493 1167 ex

302 1207 536 1272 multis
565 1226 671 1270 res
701 1215 885 1285 nna,⁷
929 1224 1084 1291 quae
1116 1208 1332 1289 magis
1360 1219 1688 1271 oratorem
1735 1209 1821 1272 ab
1867 1208 2171 1293 imperito
2202 1204 2492 1285 dicendi,

301 1310 667 1396 ignaroque
694 1310 1082 1393 distinguat,
1128 1328 1330 1393 quam
1371 1308 1553 1392 quod
1597 1308 1711 1389 ille
1752 1310 1942 1376 rudis
1973 1309 2315 1375 incondite
2348 1309 2493 1373 fun-

303 1410 426 1491 dit,
457 1418 773 1495 quantum
803 1420 1045 1496 potest,
1071 1416 1140 1476 et
1167 1411 1261 1486 id,
1307 1411 1489 1494 quod
1519 1411 1705 1489 dicit,
1736 1413 1994 1495 spiritu,
2027 1432 2161 1476 non
2190 1421 2355 1490 arte,
2375 1404 2497 1476 'de-

286 1515 651 1596 *terminat3
681 1521 900 1580 orator
921 1522 1146 1579 autem
1178 1514 1280 1578 sic
1307 1513 1526 1595 illigat
1552 1514 1948 1579 sententiam
1964 1513 2215 1591 verbiS,
2241 1519 2316 1578 ut
2345 1532 2496 1578 eam

302 1634 569 1680 numero
598 1616 901 1699 quodam·
922 1617 1415 1700 complectatur,
1445 1622 1517 1679 et
1542 1617 1824 1681 astricto
1841 1623 1866 1651 ⁸
1910 1622 1980 1680 et
2009 1617 2254 1681 soluto.
2341 1615 2494 1699 176.

305 1716 488 1781 Nam
519 1737 673 1783 cum
700 1719 922 1783 vinxit
950 1719 1169 1782 modis
1200 1722 1267 1784 et
1295 1718 1530 1796 forma,
1559 1717 1858 1782 relaxat⁸
1902 1722 1969 1782 et
1990 1718 2234 1783 liberat
2254 1718 2488 1782 immu-

305 1820 557 1884 tatione
582 1814 913 1899 ‘ordinis;⁸
956 1829 1032 1885 ut
1072 1820 1279 1885 verba
1321 1838 1538 1903 neque
1579 1819 1851 1902 alliga'ta
1898 1821 2031 1884 sint
2075 1822 2268 1903 quasi
2310 1827 2496 1885 certa

305 1921 539 2004 aliqua
584 1923 735 2006 lege
781 1942 1042 2001 versuS,
1087 1941 1301 2006 neque
1344 1922 1444 1986 ita
1489 1922 1732 1997 soluta,
1775 1928 1846 1986 ut
1875 1929 2216 2004 vagentur.
2308 1937 2522 1985 xcv,-

307 2021 624 2101 Quonam
655 2027 851 2109 igitur
878 2025 1078 2089 modo
1116 2029 1365 2090 tantum
1405 2042 1652 2088 munus
1677 2030 1696 2060 ¹
1741 2022 2175 2101 insistemus}
2221 2028 2293 2087 ut
2321 2025 2497 2088 arbi-

305 2132 550 2193 tremur
603 2148 727 2193 nos
768 2129 936 2193 hanc
982 2128 1111 2192 vim
1157 2139 1512 2191 numerose
1559 2122 1823 2191 dicendi
1872 2125 2194 2209 consequi
2239 2127 2495 2210 posse?

307 2227 467 2294 Non
499 2238 599 2297 est
625 2251 731 2296 res
763 2240 898 2297 tam
930 2228 1242 2309 difficilis,
1266 2248 1470 2313 quam
1493 2229 1911 2294 necessaria:
1936 2236 1962 2266 ²
2008 2229 2173 2295 nihil
2194 2238 2301 2294 est
2322 2230 2497 2295 enim

307 2338 442 2397 tam
488 2339 806 2412 tenerum,
853 2353 1076 2423 neque
1115 2341 1252 2398 tam
1297 2331 1613 2409 flexibile,
1653 2352 1872 2415 neque
1915 2332 2096 2416 quod
2130 2339 2272 2396 tam
2299 2331 2497 2395 facile

308 2440 641 2522 sequatur,
693 2452 1119 2521 quocumque
1161 2435 1391 2512 ducaS,
1446 2455 1651 2520 quam
1700 2434 1932 2501 oratio.
2020 2434 2172 2499 177.
2217 2432 2327 2499 Ex
2347 2447 2352 2457 ’
2371 2433 2498 2499 hac

370 2637 396 2662 ⁰
432 2628 552 2677 Cum
572 2633 733 2678 orator
751 2629 959 2678 numeris
978 2628 1238 2677 orationem
1258 2627 1510 2691 adduxit,
1531 2628 1724 2677 eundem
1744 2628 1886 2677 solvit
1902 2632 1949 2677 el
1970 2624 2309 2686 liberutsormu
2323 2630 2503 2689 verm,

264 2699 273 2704 '
306 2695 501 2743 evitatis
520 2694 713 2755 pedibus
734 2694 903 2756 quibus
921 2693 1185 2757 conficitur.

371 2757 394 2791 ὅ
426 2759 551 2807 Rem
570 2764 752 2808 tuntum
770 2758 1086 2824 perficiemur.
1107 2791 1111 2795 »

1221 2834 1518 2857 ΟΟΟΟΟΟΟ
1520 2835 1583 2857 00

312 2937 559 2986 orem-*6
596 2936 761 2988 Codd.
796 2936 990 3001 aliquot
1025 2943 1080 2986 et
1115 2935 1200 2985 ed.
1232 2950 1272 2986 s.
1293 2937 1327 2984 l.
1346 2942 1401 2985 et
1424 2951 1473 2985 a.
1507 2936 1797 2985 traducenda
1832 2950 1931 2985 erae
1964 2936 2318 2985 dumah—6
2352 2933 2497 2982 Unus

309 3003 483 3051 Oxou.
504 3003 664 3052 etium.
733 3002 879 3063 Mox,
898 3002 1124 3066 quadrari
1145 3002 1283 3065 conj.
1306 3002 1518 3051 Sclmtz.
1584 3001 1736 3061 Tum,
1766 3006 1813 3049 et
1843 3000 2069 3065 perficere
2100 3001 2312 3056 volumus
2345 2997 2502 3047 codd.

309 3068 512 3131 aliquot
533 3080 617 3130 ap.
644 3066 812 3118 Orell.
838 3068 922 3115 ed.
943 3084 986 3115 s.
1005 3070 1037 3116 l.
1060 3075 1114 3116 et
1139 3082 1187 3116 a.
1211 3082 1450 3116 numerose
1471 3067 1632 3115 sedere
1651 3070 1699 3114 et
1717 3068 1951 3128 quadrare
1972 3072 2019 3114 et
2046 3065 2271 3130 perficere
2291 3064 2503 3112 volumus

309 3129 491 3180 Guelf.
513 3135 657 3180 1.-7
691 3130 869 3181 Guelf.
890 3136 937 3180 3.
963 3139 1013 3179 et
1050 3131 1202 3197 Regii
1239 3139 1364 3194 tres,
1396 3147 1474 3181 res
1504 3132 1620 3180 ullu.
1687 3132 1835 3190 Mox,
1871 3135 2097 3194 quantum
2127 3134 2278 3190 potest
2316 3128 2502 3177 omissa

311 3208 429 3245 suut
456 3196 506 3245 in
532 3195 640 3245 Erl.
664 3200 708 3245 1.
731 3203 784 3244 et
809 3193 984 3246 Guelf.
1008 3200 1152 3245 1.-s
1188 3196 1271 3246 Ita
1306 3198 1484 3246 Mead.
1519 3199 1586 3245 al.
1622 3211 1705 3260 ap.
1725 3196 1881 3246 Grut.
1907 3197 2016 3245 Erl.
2041 3199 2090 3245 1.
2113 3194 2283 3244 wald.
2320 3192 2501 3245 Lamb.

308 3261 480 3323 modis,
490 3255 672 3322 formu,
694 3265 741 3309 et
763 3260 951 3309 relaxat
972 3259 1097 3308 Ald.
1118 3261 1265 3313 Junt.
1283 3263 1489 3311 Manut.
1508 3262 1665 3320 Grut.
1704 3260 1867 3321 forma
1887 3266 1935 3309 et
1950 3261 2117 3317 modis,
2136 3262 2325 3309 retaxat
2347 3258 2502 3308 Joau.

309 3326 461 3376 Harl.
486 3321 638 3374 Norf.
659 3326 805 3387 Mag.
828 3325 1000 3373 Palat.
1026 3328 1074 3373 1.
1094 3328 1144 3377 2.
1168 3326 1312 3376 Pith.
1336 3336 1391 3376 et
1413 3327 1577 3376 Mem.
1643 3327 1792 3388 Mox,
1814 3332 1871 3374 ut
1902 3327 2041 3375 verba
2072 3341 2222 3389 neque
2249 3326 2321 3372 ita
2351 3325 2503 3373 reluta

310 3390 420 3439 Erl.
448 3394 493 3439 1.
516 3391 708 3439 omissis
725 3389 1062 3440 intermediis.

314 3527 317 3530 Ι
377 3456 518 3505 ΟΑΡ.
545 3468 678 3506 xm.
743 3459 770 3505 1
797 3455 980 3505 Lamb.
1002 3454 1227 3505 numeris.
1294 3453 1563 3516 Actutum,
1580 3454 1885 3504 instituemus
1917 3467 2096 3516 margo
2116 3451 2291 3504 Streb.
2354 3452 2503 3516 Mox,

1293 3585 1509 3636 No'rAE

373 3692 397 3727 5
440 3683 618 3733 Versus
650 3716 665 3733 .
701 3716 716 3734 .
746 3714 762 3731 .
782 3683 962 3746 =vitium
999 3681 1095 3745 ert]
1127 3682 1190 3732 In
1230 3684 1368 3748 quod
1503 3690 1530 3717 ⁸
1561 3681 1801 3746 Aeto-icto]
1833 3680 2018 3732 Oratio
2038 3692 2309 3729 numerosa
2332 3685 2386 3729 et
2410 3679 2502 3730 ad-

309 3770 480 3810 tamen
512 3775 615 3810 non
648 3761 807 3810 semel
832 3760 1013 3809 incidit
1035 3761 1147 3823 ipse
1171 3759 1372 3823 Cicero,
1438 3759 1623 3809 stricta
1636 3767 1690 3808 et
1703 3760 1873 3808 soluta
1887 3758 2035 3806 simul
2053 3756 2505 3807 dicitnrzastricta

308 3845 369 3887 ut
405 3838 457 3886 iu
496 3837 631 3886 notis
663 3837 729 3886 ad
764 3836 1040 3886 Oratorem
1074 3835 1368 3887 observabi·
1438 3834 1821 3900 quidem,qnod
1842 3841 1987 3884 certo
2007 3832 2277 3901 verborum
2303 3832 2503 3883 ambitu

309 3928 421 3964 mus
444 3916 473 3978 ς
495 3916 607 3974 189.
1438 3913 1804 3975 comprehensa
1817 3923 1921 3960 non
1936 3916 2154 3970 vagetur
2169 3910 2414 3957 sermonis
2427 3909 2503 3958 in·

375 3998 397 4022 ⁸
431 3989 692 4039 Numerone
724 3987 911 4052 cadere]
956 3989 1051 4037 Est
1084 3988 1367 4038 orationem
1440 3996 1568 4047 star,
1587 4001 1735 4048 quem
1754 3986 2241 4046 naturalisimpetus
2258 3984 2501 4049 sinelege

311 4080 374 4115 eo
399 4065 549 4114 modo
573 4065 827 4131 desinere,
849 4066 935 4129 qui
970 4066 1174 4128 placeat
1198 4062 1369 4113 erudi·
1442 4061 1693 4111 effundit:
1731 4064 1904 4113 soluta
1924 4076 2069 4125 vero,
2091 4060 2223 4124 quod
2250 4076 2347 4110 non
2372 4076 2505 4125 [περ

311 4143 378 4191 tis
418 4142 655 4200 ainribusu
701 4142 974 4206 quadrare,
1015 4142 1369 4208 undecumque
1440 4142 1648 4203 scriptis
1675 4140 1890 4205 pedibus
1916 4153 2155 4189 versuum
2179 4153 2318 4188 more
2346 4140 2500 4191 vinci-

310 4220 592 4284 expolitam
617 4220 713 4270 sibi
736 4229 994 4270 constare.
1337 4279 1341 4283 ,
1443 4227 1578 4266 atur.
