3020 4942
1012 323 1110 372 nn
1158 323 1538 385 oRA'roRE,
1589 322 1671 374 11.
1714 310 1827 375 49.
2344 306 2519 378 1037

320 491 363 538 a
392 486 530 556 quo
558 474 743 536 erant
771 470 906 557 ipsi
937 475 1206 555 propter
1226 470 1487 554 judicia
1519 471 1908 550 abalienati,
1936 474 2342 539 renovabam
2389 470 2522 557 [at-

321 594 454 660 que
487 573 966 654 revocabam].⁸
1057 589 1287 636 xhlxs
1331 575 1482 637 200.
1531 572 1737 652 Quod
1767 575 1883 638 ubi
1917 577 2098 639 sensi
2129 595 2236 640 me
2266 575 2335 639 in
2362 595 2521 661 pos-

323 677 667 742 sessione¹
704 675 950 759 judicii
985 694 1067 741 ac
1110 676 1512 741 defensionis
1540 696 1714 742 meae
1746 680 2182 757 constitisse!
2224 676 2410 764 quod
2454 683 2527 743 et

324 779 555 863 populi
582 778 1091 844 benivolentiam
1113 780 1275 844 mihi
1300 782 1745 857 conciliatam,
1775 781 1968 864 cujus
1987 781 2102 866 jus
2134 783 2338 847 etiam
2367 797 2526 845 cum

326 881 686 959 seditionis
716 880 1176 965 conjunctione
1207 882 1659 962 defenderam,
1691 891 1762 949 et
1791 884 2101 968 judicum
2131 885 2388 949 animos
2420 891 2530 947 toae

328 993 442 1049 tos
471 984 579 1049 vel
609 985 985 1050 calamitate
1014 985 1328 1063 civitatiS,
1358 984 1468 1050 vel
1512 987 1696 1053 luctu
1734 1006 1816 1052 ac
1867 984 2196 1051 desiderio
2245 987 2529 1071 propin-⁴

327 1100 638 1172 quornm,
665 1086 771 1151 vel
800 1086 961 1151 odio
991 1084 1262 1171 proprio
1291 1088 1362 1152 in
1383 1087 1780 1173 Caepionem
1801 1089 1890 1155 ad
1923 1109 2200 1154 causam
2231 1094 2529 1153 nostram

329 1199 785 1255 converteram
810 1207 828 1256 t
849 1197 876 1225 ²
922 1198 1078 1256 tunc
1111 1190 1484 1257 admiscere
1523 1192 1675 1257 huic
1707 1193 1929 1275 generi
1959 1191 2285 1257 orationis
2322 1192 2533 1257 vehea

330 1294 540 1358 menti
570 1299 775 1377 atque
808 1294 1026 1358 atroci
1056 1313 1263 1376 genus
1294 1294 1463 1359 illud
1495 1295 1795 1373 alterum,
1828 1295 1912 1360 de
1941 1315 2081 1379 quo
2111 1303 2266 1362 ante
2300 1296 2532 1381 dispu·

330 1397 503 1473 tavi,
533 1397 831 1461 lenitatis
862 1404 932 1461 et
958 1398 1488 1465 mansuetudinis
1519 1400 1705 1482 coepi
1731 1419 1750 1480 3
1795 1417 1901 1464 me
1932 1418 2052 1483 pro
2083 1418 2237 1463 meo
2271 1398 2534 1474 sodali,¹''

333 1500 453 1582 qui
484 1498 643 1563 mihi
671 1500 737 1563 in
768 1500 1048 1565 liberum
1072 1507 1094 1547 ³
1139 1500 1291 1565 loco
1318 1508 1359 1536 W
1401 1520 1585 1591 more
1615 1501 1936 1584 maiorum
1965 1520 2116 1565 esse
2144 1500 2431 1578 deberet,
2462 1509 2536 1565 et

331 1621 458 1687 pro
510 1619 660 1666 mea
716 1603 898 1666 omni
943 1603 1127 1668 fama
1168 1623 1383 1687 prope
1434 1603 1852 1687 fortunisque
1904 1603 2256 1669 decernere
2280 1613 2329 1686 ς·
2370 1600 2537 1668 nihil

332 1703 500 1769 mihi
533 1703 620 1768 ad
669 1704 1224 1769 existimationem
1263 1705 1549 1787 turpiuS,
1578 1704 1741 1770 nihil
1771 1704 1859 1770 ad
1890 1705 2195 1772 dolorem
2225 1707 2538 1771 acerbius
2646 1756 2657 1761 -

335 1805 644 1870 accidere
669 1824 900 1889 posse,
934 1826 1136 1890 quam
1166 1807 1228 1871 si
1251 1807 1334 1884 is,
1366 1808 1482 1893 qui
1506 1827 1692 1892 saepe
1724 1808 2159 1873 alienissimis
2187 1826 2230 1873 a
2260 1828 2386 1886 me,
2414 1806 2540 1873 se'd

335 1908 511 1973 meis
542 1915 760 1973 tamen
802 1909 1093 1987 civibus,
1137 1908 1339 1973 saluti
1389 1910 1807 1974 existimarer
1847 1908 2086 1984 fuisse,
2127 1908 2346 1974 sodali
2383 1925 2541 1973 meo

337 2011 664 2074 auxilium
697 2011 864 2075 ferre
904 2030 1037 2075 non
1083 2011 1447 2095 potuisse*
1529 2010 1686 2076 201.
1728 2012 2060 2078 Petebam
2090 2030 2132 2077 a
2162 2012 2538 2096 judicibus9

339 2111 610 2178 utillud
643 2114 833 2178 aetati
862 2133 1054 2191 meae,
1086 2120 1161 2178 ut
1187 2114 1577 2190 honoribus,
1610 2122 1683 2179 ut
1720 2117 1918 2179 rebus
1947 2116 2178 2198 gestis,
2219 2115 2281 2181 si
2316 2113 2542 2198 justo,

342 2214 410 2279 si
435 2216 553 2303 pio
576 2213 811 2280 dolore
840 2234 947 2279 me
970 2235 1121 2279 esse
1150 2215 1468 2280 affectum
1498 2215 1823 2305 viderent,
1852 2217 2333 2282 concederent:
2364 2208 2542 2300 pree·

342 2317 577 2382 sertim
626 2317 687 2381 si
719 2318 806 2381 .in
845 2318 1000 2383 aliis
1047 2320 1274 2383 causis
1311 2319 1826 2394 intellexissent,
1866 2319 2093 2383 omnia
2129 2338 2236 2411 me
2280 2334 2547 2403 semper

342 2439 468 2505 pro
497 2419 866 2485 amicorum
891 2420 1230 2503 periculiS,
1255 2419 1421 2486 nihil
1450 2440 1741 2504 unquam
1767 2441 1889 2506 pro
1921 2421 2179 2506 meipso
2222 2421 2546 2505 depreca-
2590 2507 2601 2514 1

343 2532 515 2587 turn.-
597 2523 714 2588 Sic
746 2524 815 2587 in
847 2525 966 2588 illa
988 2527 1011 2568 ⁵
1056 2524 1237 2588 omni
1264 2523 1651 2590 defensione
1678 2533 1887 2606 atque
1917 2543 2153 2601 causa,
2182 2524 2361 2607 quod
2393 2539 2550 2588 esse

343 2627 416 2691 in
450 2633 590 2690 arte
619 2628 919 2710 positum
951 2625 1319 2707 videbatur,
1345 2632 1421 2693 ut
1444 2626 1533 2691 de
1567 2624 1708 2709 lege
1726 2623 2077 2708 Apuleia*
2105 2624 2416 2702 dicerem,
2448 2635 2549 2705 nt,

803 2717 828 2742 ἱ

374 2814 442 2923 αἴ
474 2808 559 2858 Me
566 2806 786 2869 judicum
806 2810 992 2859 animos
1020 2809 1190 2861 habere
1216 2781 1345 2861 velut
1366 2811 1419 2862 in
1438 2816 1691 2877 potestate,
1711 2809 2114 2886 defensionemque
2132 2823 2158 2859 e
2177 2809 2414 2859 sententia
2433 2779 2560 2860 utini

341 2888 373 2922 c
431 2887 526 2922 ere.

414 2945 439 2971 ¹
475 2938 723 3000 Quaestore
741 2944 790 2988 et
810 2937 1133 2990 contubernali
1151 2955 1268 2991 meo.
1459 2950 1486 2974 ⁰
1519 2939 1784 2991 Dimieare.

1272 3064 1638 3088 »nnuma

349 3139 454 3189 -8
488 3140 504 3167 ‘
531 3140 698 3189 Recte
720 3140 851 3202 haec,
874 3145 1013 3204 atque
1033 3103 1324 3198 revocabam,
1358 3143 1607 3193 omittunt
1643 3139 1796 3195 codd.
1832 3140 2053 3206 aliquot,
2075 3142 2228 3193 etiarn
2254 3139 2389 3207 Reg.
2409 3125 2563 3193 7702.

352 3213 411 3255 et
438 3203 615 3255 Guelf.
638 3206 704 3254 1.'
742 3206 894 3254 Orell.
963 3209 1068 3256 Erl.
1095 3221 1189 3270 pro
1210 3207 1490 3258 renovabam
1513 3209 1673 3258 habet
1691 3210 1980 3259 revocabam.
2545 3211 2551 3219 “

421 3269 558 3319 CAP.
581 3283 739 3319 xmx.
809 3276 833 3319 1
873 3272 979 3319 Erl.
1003 3277 1051 3321 1.
1077 3281 1132 3320 et
1156 3288 1334 3335 margo
1357 3273 1441 3321 ed.
1462 3274 1724 3337 Verburg.
1749 3289 1778 3322 e
1802 3275 1919 3323 cod.
1944 3274 2316 3336 manuscripto,
2335 3273 2559 3335 possessi-

352 3339 607 3383 onem—2
644 3335 821 3385 Lamb.
842 3343 1175 3385 converterem.
1239 3339 1387 3397 Mox,
1426 3342 1530 3386 tum
1550 3339 1805 3394 admiscere
1838 3338 2018 3387 Guelf.
2050 3344 2096 3387 1.
2130 3341 2277 3389 2.—3
2314 3336 2491 3387 Guelf.
2511 3340 2563 3386 2.

355 3401 628 3449 liberorum.
693 3401 842 3460 Mox,
868 3416 1011 3465 prope
1034 3403 1290 3462 samm—4
1328 3403 1518 3451 Lamb.
1551 3410 1609 3452 et
1644 3403 1827 3466 Steph.
1861 3419 1955 3451 mm
1987 3417 2168 3465 possem
2185 3419 2206 3461 ,·
2241 3404 2308 3451 al.
2351 3410 2407 3452 et
2440 3401 2562 3451 edd.

357 3470 582 3513 recentt.
605 3479 698 3513 non
718 3466 991 3526 potuissem.
1045 3466 1192 3526 Mox,
1212 3466 1530 3527 abjudieibus
1551 3466 1731 3518 Guelf.
1751 3471 1796 3514 1.
1854 3467 2020 3516 Paulo
2045 3476 2184 3532 post,
2203 3467 2248 3515 si
2269 3467 2347 3531 pio
2367 3467 2560 3515 desunt

356 3530 411 3580 in
436 3529 619 3580 eodem
659 3530 954 3581 codice.—⁵
991 3530 1166 3582 Guelf.
1190 3535 1237 3580 1.
1268 3536 1315 3581 3.
1348 3533 1402 3581 in
1432 3533 1520 3582 illa
1557 3533 1680 3596 ipsa.
1740 3533 1869 3584 Mox
1892 3534 2022 3581 omni
2046 3532 2196 3583 deest
2232 3534 2284 3582 in
2311 3530 2487 3582 Guelf.
2510 3533 2561 3581 1.

1353 3650 1573 3703 NOTAE

422 3762 459 3788 ⁸¹
494 3755 560 3804 In
592 3755 789 3805 liberum
819 3737 942 3817 loco]
977 3757 1145 3809 Qiram
1183 3765 1332 3807 arcta
1354 3757 1424 3807 sit
1502 3771 1710 3809 causam
1732 3756 2126 3807 necessitudinIs
2151 3769 2301 3822 posse
2325 3741 2566 3819 reperiri}

358 3831 606 3897 praetoris
647 3839 701 3881 et
753 3834 1023 3895 quaestoris
1075 3833 1426 3897 necessitudo,
1504 3848 1658 3897 quam
1719 3833 2138 3896 conjunctionem
2186 3832 2357 3885 sortis,
2409 3846 2564 3897 qnam.

357 3906 596 3957 ostendit
616 3908 815 3958 Tullius
850 3910 1027 3959 Divin.
1049 3909 1102 3959 in
1126 3908 1200 3961 Q.
1221 3910 1423 3960 Caecili·
1504 3910 1808 3972 provinciae,
1826 3924 1978 3973 qnam
2010 3906 2184 3970 officii,
2218 3922 2370 3973 quam
2396 3907 2567 3972 publi*
2626 3942 2647 3956 Ι

359 4000 448 4035 um
493 3986 523 4049 ς
555 3988 637 4035 61.
691 3986 805 4036 ‘Sic
848 4003 878 4037 a
916 3987 1196 4052 majoribus
1232 3988 1425 4037 nostris
1505 3999 1621 4038 cam
1646 3989 1874 4038 muneris
1892 3985 2232 4037 societatem?
2485 4039 2497 4048 ,

361 4062 685 4124 accepimus,
730 4073 1008 4127 praetorem
1045 4065 1290 4129 quaestori
1334 4078 1427 4113 suo
1497 4057 1500 4068 ”
1571 4069 1598 4098 ¹
1631 4066 1709 4114 De
1733 4066 1836 4126 lege
1859 4062 2089 4128 Apuleia]
2121 4063 2255 4115 Vide
2291 4071 2444 4115 notas
2480 4073 2566 4132 81¹2-

362 4136 596 4202 parentis
618 4140 735 4189 loco
769 4154 882 4189 esse
919 4149 1196 4204 oportere:
1217 4141 1427 4212 ‘nullam
1509 4140 1740 4207 periotes
1766 4141 1795 4208 ς
1822 4144 1935 4190 107.

359 4214 560 4278 neque'
586 4214 884 4278 justiorem,
919 4230 1089 4282 neque
1138 4218 1428 4281 graviorem
1553 4246 1557 4252 ·
