3020 4942
458 404 636 471 1030
1181 420 1190 435 ·
1246 420 1322 466 u.
1367 421 1439 471 T.
1477 376 1890 469 ‘cronnoms

462 567 757 633 omnium
786 566 1012 648 regina
1044 582 1282 639 rerum,
1314 565 1550 638 oratio,
1580 570 1656 628 ut
1688 582 1821 628 non
1842 563 2047 629 modo
2079 565 2509 630 inclinantem
2533 565 2656 627 iin-

459 669 757 751 pellerc‚⁷
802 674 917 733 aut
945 675 1231 733 stantem
1278 666 1627 743 inclinare,
1671 665 1793 730 sed
1843 668 2044 732 etiam
2079 667 2550 731 adversantem
2588 675 2661 731 et

457 777 959 854 repugnantem,
1004 779 1081 835 ut
1128 774 1489 853 imperator
1532 771 1744 833 bonus
1786 790 1864 834 ac
1895 769 2110 847 fortis,
2142 790 2384 854 capere
2414 772 2657 853 possit.

461 890 645 939 xcv.
689 874 837 940 188.
883 873 1061 938 Haec
1108 872 1459 949 sunt-illa‚¹
1510 892 1661 955 quae
1695 892 1798 936 me
1844 874 2077 937 ludens
2123 872 2406 937 Crassus
2449 874 2659 938 modo

458 976 835 1060 flagitabat,
867 998 1018 1041 cum
1046 997 1089 1040 a
1118 996 1224 1041 me
1257 974 1571 1041 divinitus
1615 977 1883 1041 tractari
1924 977 2141 1041 solere
2182 978 2453 1052 diceret,
2487 984 2556 1047 et
2588 978 2661 1040 in

456 1099 668 1144 causa
698 1078 796 1144 Μ’
825 1078 1110 1164 Aquilii,
1141 1079 1220 1145 C.
1249 1098 1378 1161 que
1412 1077 1743 1155 Norbani,
1775 1079 2248 1161 nonnullisque
2282 1078 2459 1154 aliis,
2489 1098 2660 1161 qua·

455 1182 517 1255 si
566 1183 888 1266 praeclare·
930 1190 1107 1257 acta,
1155 1182 1505 1247 laudaret:
1557 1201 1713 1265 quae
1760 1181 2133 1246 mehercule
2180 1201 2327 1262 ego,
2381 1180 2657 1254 Crasse,

455 1304 605 1351 cum
637 1306 679 1350 a
703 1295 769 1349 te
802 1293 1164 1351 tractantur
1191 1287 1261 1349 in
1290 1285 1544 1362 causis»,
1569 1285 1834 1350 horrere
1867 1285 2107 1351 soleo:
2148 1294 2341 1349 tanta
2374 1284 2482 1348 vis
2513 1286 2657 1348 ani-

453 1383 585 1462 mi,j
630 1396 862 1454 tantus
922 1389 1240 1473 impetuS,
1300 1396 1530 1454 tantus
1590 1388 1803 1465 dolor,
1866 1391 2108 1467 oculiS,
2167 1389 2383 1466 vultu,
2436 1393 2658 1470 gestu,

452 1490 661 1574 digito
708 1487 1043 1575 denique*
1087 1493 1219 1557 isto
1271 1501 1389 1557 tuo
1437 1492 1799 1573 significari
1848 1493 2061 1557 solet:
2111 1499 2368 1556 tantum
2401 1499 2503 1556 est
2527 1490 2663 1555 flu-

451 1613 598 1658 men
627 1596 1165 1678 gravissimorum
1195 1597 1731 1680 optimorumque
1760 1599 2137 1670 verborum,
2159 1605 2299 1661 tam
2329 1596 2611 1676 integrae
2629 1602 2660 1631 ²

454 1699 830 1775 sententiae,
864 1706 1001 1762 tam
1031 1718 1233 1775 verae,
1272 1706 1410 1763 tam
1442 1718 1658 1775 novae,
1699 1706 1838 1764 tam
1868 1699 2015 1764 sine
2046 1699 2428 1784 pigmentis»,
2461 1697 2663 1762 fuco-

452 1819 584 1881 que
616 1802 874 1884 puerili,
926 1808 997 1867 ut
1048 1802 1208 1866 mihi
1251 1795 1379 1867 non
1423 1802 1649 1867 solum
1682 1810 1752 1868 tu
1783 1803 2135 1869 incendere
2174 1802 2499 1887 judicem,
2533 1801 2658 1865 sed

449 1899 597 1984 ipse
628 1902 854 1967 ardere
880 1903 1216 1968 videariS.³

537 2001 688 2067 189.
735 2002 979 2087 Neque
1038 2005 1182 2069 fieri
1239 2003 1550 2089 potest‚4¹
1596 2013 1668 2070 ut
1728 2006 1956 2072 doleat
2001 2009 2086 2082 is,
2142 2008 2258 2091 qui
2310 2006 2526 2083 audit,
2568 2013 2660 2069 nt

450 2103 687 2183 oderit,
745 2112 821 2171 ut
866 2106 1187 2183 invideat,
1233 2114 1307 2173 ut
1348 2110 1779 2193 pertimescat
1822 2111 2098 2194 aliquid,
2157 2118 2230 2175 ut
2278 2108 2366 2173 ad
2424 2108 2658 2172 fletum

449 2207 1113 2293 misericordiamque
1162 2210 1570 2291 deducatur3
1616 2212 1747 2275 nisi
1799 2232 2033 2276 omnes
2078 2213 2127 2277 ii
2175 2219 2429 2288 motus,
2482 2214 2662 2292 quos

450 2319 677 2374 orator
706 2310 1016 2376 adhibere
1048 2314 1232 2377 volet
1263 2313 1505 2397 judici,
1543 2316 1613 2377 in
1659 2315 1813 2397 ipso
1845 2324 2101 2379 oratore
2149 2315 2462 2397 impressi
2496 2333 2660 2377 esse

448 2423 650 2497 atque
691 2415 897 2481 inusti
929 2416 1345 2483 videbuntur.
1435 2416 1709 2496 Quodsi
1755 2418 1956 2483 fictus
2003 2419 2248 2503 aliquis
2278 2416 2470 2482 dolor
2501 2436 2667 2481 sus*

1368 2592 1726 2613 OOOOOOOOOOOO

452 2714 803 2765 codd.Lamb.
820 2725 875 2765 et
895 2717 1150 2767 Gran—⁷
1175 2718 1262 2767 Ita
1285 2733 1315 2768 e
1331 2720 1639 2784 conjectura
1656 2718 1906 2770 Crevier-ii
1931 2719 2197 2783 rescripsit
2220 2719 2437 2770 Lallem.
2468 2718 2669 2778 erigere

449 2779 625 2829 Guelf.
648 2786 697 2830 2.
717 2786 766 2832 3.
800 2783 1014 2844 excipere
1036 2782 1217 2833 Guelt'.
1232 2789 1278 2835 1.
1299 2786 1491 2850 aliique
1515 2786 1665 2835 codd.
1687 2800 1771 2848 ap.
1789 2784 1944 2834 Grnt.
2011 2786 2154 2846 Mox,
2173 2784 2327 2842 sortis
2346 2795 2486 2848 atque
2511 2784 2669 2833 bonus

448 2844 628 2896 Guelf.
651 2851 700 2895 1.
735 2847 990 2908 probante
1015 2848 1224 2898 Harles.

455 2953 458 2960 .
513 2910 646 2961 cst.
669 2924 796 2962 xcv.
868 2917 885 2961 1
928 2914 1055 2963 Hoec
1077 2920 1185 2964 cunt
1206 2916 1333 2974 enim
1356 2916 1442 2965 illa
1465 2913 1643 2965 Guelf.
1668 2919 1715 2965 1.
1780 2915 1928 2969 Mox.
1949 2928 2054 2962 cnm
2075 2930 2128 2963 ea
2149 2929 2179 2963 a
2202 2929 2274 2964 me
2297 2913 2463 2970 Orell.
2495 2929 2607 2976 quoe
2632 2931 2673 2965 a

445 2991 522 3025 me
540 2978 689 3027 Junt.
706 2977 853 3026 Crat.
873 2977 1017 3027 Man.
1037 2980 1191 3028 Grnt.
1222 2995 1327 3028 cum
1348 2996 1376 3028 α
1396 2995 1467 3029 me
1490 2981 1601 3029 Erl.
1619 2984 1666 3030 1.
1690 2980 1844 3029 Cant.
1868 2979 2018 3030 Norl'.
2036 2980 2150 3029 Bal.
2166 2979 2298 3028 Bod.
2319 2980 2454 3032 Nov.
2471 2980 2670 3028 Mead.

446 3041 597 3090 Harl.
616 3046 659 3090 l.
683 3045 731 3090 2.
753 3043 904 3101 Wag.
925 3045 1047 3093 item
1070 3044 1190 3093 edd.
1217 3046 1411 3093 Venet.
1436 3045 1655 3095 Mediol.
1679 3046 1858 3095 Lamb.
1895 3047 2078 3094 Pearc.
2112 3054 2167 3094 et
2201 3055 2422 3094 recentt.
2489 3044 2672 3094 Paulo

452 3115 586 3169 post,
608 3108 758 3155 solere
779 3106 927 3156 deest
952 3110 1000 3157 in
1025 3109 1304 3159 Lamb.—2
1329 3111 1581 3171 Purgold.
1606 3112 1743 3172 conj.
1778 3116 1876 3160 tam
1896 3112 2073 3160 ταῦτα.»
2086 3111 2338 3168 ‚··Sclrutz.
2363 3117 2419 3158 et
2445 3108 2677 3158 Harles-

444 3173 629 3220 malint
653 3172 829 3220 delere
853 3178 952 3222 tam
973 3189 1117 3232 verce,
1155 3183 1212 3222 ut
1248 3177 1587 3237 glossatae—3
1620 3175 1805 3239 Steph.
1840 3176 2055 3225 incensus
2085 3175 2292 3225 videaris
2310 3191 2329 3232 ,-
2363 3174 2545 3223 Lamb.
2581 3174 2677 3223 in-

446 3251 610 3284 census
630 3251 729 3285 ease
748 3238 1074 3287 videnda—4
1100 3240 1269 3302 Neque
1292 3241 1415 3288 mim
1435 3240 1559 3305 fieri
1588 3246 1744 3302 potest
1772 3241 1950 3289 Lamb.
2008 3241 2134 3288 Mox
2156 3240 2338 3303 aliquid
2355 3250 2671 3302 suspectum

448 3301 689 3349 Matthiae
714 3302 868 3351 Mine.
894 3304 1027 3353 Crit.
1052 3319 1090 3353 1.
1114 3309 1162 3353 4.
1183 3320 1240 3367 μ·
1258 3308 1372 3354 684.
1420 3309 1436 3333 ‘
1465 3306 1595 3354 Post
1632 3305 1809 3368 aliquid
1842 3320 1872 3355 e
1908 3307 2106 3354 duobus
2147 3307 2362 3354 vetustis
2387 3306 2573 3366 Steplr.
2601 3315 2675 3355 et

447 3366 625 3415 Lamb.
651 3366 865 3424 addunt.
888 3373 943 3417 ut
962 3368 1174 3432 affectet,
1213 3370 1346 3431 quod
1374 3378 1548 3419 tamen
1572 3379 1742 3419 ortum
1768 3379 1848 3418 est
1873 3385 1900 3416 e
1924 3371 2136 3435 syllabis
2160 3386 2306 3433 seqq.
2342 3375 2397 3418 ut
2428 3372 2491 3419 ad
2514 3370 2672 3432 flet!

452 3432 619 3481 Orell.
688 3431 849 3496 Dein,
870 3448 965 3497 pro
987 3436 1265 3498 deducatur,
1288 3437 1468 3485 Lamb.
1490 3436 1932 3485 habetodducatur
1943 3451 1963 3494 ,·
1987 3436 2157 3485 codex
2178 3437 2410 3499 Traject.
2430 3435 2674 3484 Arntze·

1441 3533 1660 3623 NOTAE

457 3767 462 3772 ,
506 3698 524 3744 ³
563 3702 715 3752 Tanta
756 3702 831 3750 vis
861 3703 1027 3764 animi,
1057 3699 1166 3767 aa]
1200 3704 1318 3754 Non
1360 3711 1504 3754 tanta
1588 3718 1697 3754 sum
1723 3703 1909 3775 Cicero
1932 3704 2083 3778 dicit,
2105 3704 2355 3765 explicari
2378 3704 2545 3772 solet..
2601 3681 2677 3756 Is

446 3777 653 3827 dicendi
680 3778 728 3826 vi
765 3778 978 3827 Crassus
1020 3780 1246 3843 valebat,
1279 3781 1415 3844 quod
1439 3796 1502 3829 ex
1588 3779 1641 3829 in
1664 3780 2029 3843 exprobrando
2047 3788 2101 3830 et
2126 3780 2422 3842 indicando,
2445 3781 2587 3832 uude
2610 3786 2678 3836 ei

445 3855 578 3904 libro
614 3854 679 3902 de
714 3854 879 3903 Claris
918 3854 1225 3904 Oratoribus
1260 3856 1506 3919 intelligi·
1588 3872 1771 3907 nomen
1796 3866 1898 3914 est,
1919 3856 2098 3907 valet?
2137 3858 2326 3907 Fabius
2351 3871 2432 3908 x1.
2454 3861 2509 3904 3.

447 3938 562 3979 tur:
605 3943 783 3979 verum
804 3931 913 3993 ejus
942 3930 1286 3996 eloquentiam
1310 3932 1391 3981 hic
1415 3946 1506 3981 ex·-
1655 3933 1669 3969 ¹
1700 3935 1869 3997 Neque
1895 3934 2018 3999 fieri
2052 3933 2230 3997 potest]
2268 3933 2433 3982 Recte
2480 3899 2678 3985 Hora..

447 4014 661 4069 aggerat
701 4005 973 4063 Antonius,
1006 4022 1106 4071 quo
1144 4009 1256 4070 plns
1280 4009 1504 4059 auctori·
1588 4010 1689 4059 tius
1712 4011 1763 4058 in
1782 4008 1915 4059 Arte
1934 4026 1948 4060 ε
1965 4013 1981 4037 ‘
2002 4011 2078 4059 Ut
2097 4009 2381 4058 ridentibus
2402 4008 2679 4070 arrident,

446 4083 571 4131 tatis
589 4082 665 4130 his
688 4082 901 4144 dialogis
925 4083 1108 4134 Cicero
1130 4086 1391 4135 conciliet.
1586 4087 1663 4135 ita
1695 4084 1937 4135 flentibus
1973 4085 2161 4134 adsunt
2185 4084 2407 4134 Humani
2445 4086 2632 4133 vultus
2658 4105 2678 4139 ς

515 4156 539 4191 ¹
573 4158 749 4219 Digito
781 4159 1001 4222 denique]
1035 4162 1051 4189 ‘
1077 4161 1207 4210 Cum
1245 4170 1353 4211 tres
1384 4177 1502 4213 con·
1588 4164 1631 4213 si
1653 4177 1734 4212 me
1759 4156 2007 4226 vis'flere,
2027 4159 2302 4211 dolendum
2322 4159 2674 4213 est'Primum

449 4234 606 4282 tracti
632 4234 778 4295 digiti
818 4235 1000 4295 pollice
1038 4248 1362 4303 premuntur,
1395 4235 1503 4290 tur'n
1587 4239 1686 4304 ipsi
1719 4238 1854 4290 tibi:

447 4308 643 4372 digitus
672 4297 792 4364 ille)
820 4323 920 4373 quo
954 4323 1099 4363 usum
1121 4314 1316 4375 optime
1350 4316 1505 4366 Cras·
1798 4331 1803 4336 ·
