3020 4942
1019 369 1115 417 nn
1163 371 1539 434 onA'roRE,
1588 373 1639 419 1.
1682 357 1788 422 22.
2368 360 2495 426 861

242 523 246 528 ’
302 511 753 599 gymnasiumj
786 510 1211 597 anteponam.
1295 531 1504 579 xx11.
1534 516 1656 599 99.ἶ
1686 516 1857 581 Tum
1888 517 2021 593 ille,
2046 517 2261 583 Immo
2286 529 2496 598 vero,¹

294 615 540 705 linquit,
569 605 857 697 Sulpici,
887 634 1196 697 rogemus
1227 616 1621 694 Antonium,
1651 620 1764 702 qui
1797 628 1865 683 et
1897 627 2127 703 potest
2152 621 2373 686 facere
2402 624 2498 698 id,

303 717 486 801 quod
535 718 848 800 requiriS,
878 725 944 781 et
990 720 1359 798 consuevit,
1390 728 1475 783 ut'
1497 726 1563 785 te
1596 720 1799 794 audio
1831 721 2073 786 dicere.
2160 722 2345 794 Nam
2388 744 2497 788 me

301 818 595 902 quidem,
629 818 892 893 fateor,²
923 839 1186 903 semper
1235 840 1279 913 a
1326 832 1562 903 genere
1610 822 1739 887 hoc
1784 830 1922 889 toto
1969 826 2499 891 sermonisrefu·

299 922 503 1002 gisse,
539 927 609 982 et
646 920 770 983 tibi
800 920 1101 1003 cupienti
1131 930 1336 1016 atque
1376 925 1657 994 instanti
1687 927 2065 1009 saepissime
2096 948 2394 1011 negasse,
2427 935 2501 994 ut
2597 985 2600 986 γ

300 1027 436 1087 tute
461 1021 671 1105 paulo
705 1028 856 1085 ante
884 1022 1141 1106 dixisti.
1233 1023 1439 1103 Quod
1472 1045 1595 1109 ego
1626 1046 1759 1092 non
1790 1031 2127 1113 superbia,
2148 1051 2377 1114 neque.
2394 1033 2499 1097 in-

299 1126 712 1189 humanitate
755 1125 1111 1204 faciebam,
1139 1147 1354 1211 neque
1399 1148 1536 1213 quo
1577 1138 1700 1210 ,tuo
1731 1134 1953 1198 studio
1984 1135 2372 1213 rectissimo,
2396 1144 2498 1201 at-

301 1248 428 1311 que
476 1228 731 1310 optimo
777 1247 910 1290 non
957 1230 1240 1313 obsequi
1268 1232 1542 1309 vellem,
1578 1235 1942 1318 praesertim
1992 1244 2247 1322 cum-te
2292 1259 2501 1304 unum

303 1349 389 1393 ex
441 1330 756 1402 omnibus
797 1329 880 1393 ad
926 1329 1276 1396 dicendum
1312 1334 1603 1399 maxime
1635 1344 1887 1415 natum,
1930 1345 2300 1424 aptumque
2344 1362 2501 1425 cog-

299 1450 598 1507 nossem,
630 1432 751 1496 sed
782 1433 1149 1499 mehercule
1179 1436 1372 1500 istius
1395 1436 1871 1521 disputationis
1901 1441 2274 1521 insolentia,
2298 1452 2498 1529 atque

302 1552 529 1597 earum
563 1525 804 1611 rerum,
838 1556 992 1620 quae
1021 1537 1213 1619 quasi
1243 1538 1589 1604 traduntur
1616 1541 1687 1603 in
1717 1547 1876 1614 arte,
1906 1544 2216 1612 inscitia!
2236 1554 2272 1614 ³,
2348 1549 2499 1612 100.

301 1635 477 1699 Tum
527 1635 756 1715 Cotta,
789 1635 1130 1715 Quoniam
1168 1639 1261 1716 id,
1291 1639 1474 1723 quod
1522 1641 1975 1709 difficillimum
2006 1648 2201 1710 nobis
2235 1648 2500 1715 videba-

303 1743 432 1814 tur,
466 1742 538 1800 ut
569 1740 837 1803 omnino
868 1739 952 1804 de
980 1740 1084 1804 bis
1112 1742 1333 1834 rebus,
1368 1741 1637 1822 Crasse,
1671 1746 2037 1831 loquerere,
2070 1751 2361 1815 assecuti
2388 1772 2497 1815 su-

302 1858 498 1913 mus;
544 1838 627 1902 de
672 1840 928 1922 reliquo
965 1841 1107 1925 jam
1137 1850 1364 1909 nostra
1393 1846 1599 1930 culpa
1630 1848 1851 1927 fuerit,
1884 1852 1943 1914 si
1975 1859 2061 1928 te,
2092 1854 2224 1917 nisi
2249 1856 2500 1931 omnia,
2552 1910 2555 1913 ,

306 1961 455 2024 quae
487 1944 900 2024 percunctati
931 1945 1197 2023 erimus,
1228 1948 1619 2031 explicari&
1643 1951 2109 2018 dimiserimus.
2163 1969 2167 1978 '
2197 1956 2345 2022 101.
2376 1957 2501 2034 ,De

303 2044 432 2122 his,
465 2042 687 2120 cred0,
723 2045 942 2123 rebUS,
975 2046 1184 2131 inquit
1214 2049 1527 2131 CrassuS,
1558 2053 1722 2117 utin
1754 2057 2162 2126 cretionibus
2182 2064 2218 2114 4⁷
2237 2055 2261 2093 ¹‘
2291 2060 2500 2124 scribi

368 2222 395 2255 ¹⁸
430 2223 531 2273 Sed
568 2230 693 2273 certe
711 2232 958 2289 propterea
993 2231 1115 2290 quod
1139 2245 1233 2279 non
1256 2246 1385 2281 anm
1406 2233 1459 2283 in
1489 2234 1755 2297 huiusmodi
1784 2237 2102 2303 disputatione
2125 2244 2434 2309 exercitatus,
2454 2250 2504 2295 et

305 2288 662 2339 institutionum
679 2293 994 2342 oratoriarum
1012 2308 1144 2343 nom
1167 2297 1380 2359 ignarus.

1223 2425 1283 2444 ‘O
1287 2426 1585 2449 0000000000

371 2516 511 2568 CAP.
538 2531 689 2569 xxn.
724 2523 750 2568 1
778 2520 1028 2570 Enimuero
1051 2521 1228 2571 Guelf.
1249 2528 1296 2574 2.
1317 2528 1366 2574 3.
1391 2526 1566 2577 Oxon.
1589 2533 1626 2586 β
1648 2532 1677 2579 δ
1692 2547 1746 2594 γ,
1771 2533 1916 2581 Rom.
1935 2535 2071 2585 Kob.
2088 2550 2128 2585 s.
2146 2538 2180 2585 l.
2198 2546 2254 2587 et
2273 2553 2320 2588 a.
2351 2540 2501 2589 Med.

308 2580 432 2632 Asc.
501 2584 650 2645 Mox,
689 2585 741 2633 id
785 2587 959 2635 omisit
994 2586 1245 2636 Gran—2
1281 2589 1366 2639 Ita
1410 2591 1563 2642 Norf.
1601 2597 1753 2644 Cant.
1798 2598 1970 2647 Gonv.
2001 2601 2178 2652 Mead.
2215 2602 2364 2653 Harl.
2387 2610 2433 2653 l.
2453 2612 2503 2656 2.

308 2647 461 2695 Rom.
485 2649 625 2697 Kob.
648 2651 849 2699 Manui.
875 2660 929 2700 et
954 2651 1130 2701 Lumb.
1152 2653 1295 2710 sotor
1317 2656 1464 2705 deest
1488 2659 1538 2706 in
1562 2658 1717 2710 Grut.
1742 2670 1796 2710 et
1814 2668 1987 2728 vulgg.
2052 2667 2196 2729 Mox,
2214 2673 2269 2716 ut
2282 2669 2431 2718 deest
2448 2672 2501 2720 iu

306 2713 604 2762 iisdem.—3
637 2715 653 2741 ‘
682 2715 854 2765 Oxou.
875 2717 945 2778 U,
963 2730 1107 2779 neque
1128 2720 1248 2780 quod
1267 2724 1324 2768 ut
1344 2753 1359 2769 .
1381 2751 1396 2767 .
1419 2754 1432 2770 .
1454 2726 1773 2783 cognovissem
1808 2760 1823 2774 .
1850 2761 1864 2777 .
1886 2763 1899 2776 .
1937 2731 2185 2780 trudentur
2220 2734 2468 2784 inscientia
2480 2752 2501 2794 ,-

307 2777 481 2826 Oxon.
503 2779 565 2834 Z,
592 2794 675 2827 nec
695 2781 810 2842 qui,·
846 2779 936 2845 (ex
961 2792 1256 2840 correctore
1278 2787 1293 2811 ⁸
1311 2786 1377 2834 sl.
1399 2789 1482 2850 qui
1493 2787 1557 2851 ‚·’)
1589 2790 1695 2839 Erl.
1720 2795 1765 2839 1.
1785 2807 1843 2841 ne
1862 2796 1986 2856 quod
2004 2799 2082 2845 tuo
2100 2797 2253 2846 studio
2275 2814 2296 2856 ,·
2326 2800 2431 2847 Eri.
2450 2803 2507 2850 2,

302 2857 452 2905 neque
473 2852 526 2890 ut
547 2848 628 2892 tuo
647 2847 837 2902 studio,·
862 2845 1094 2896 Gronov.
1119 2846 1169 2896 in
1194 2863 1284 2898 suo
1307 2851 1423 2900 cod.
1443 2855 1637 2916 reperit
1658 2871 1717 2905 ne
1738 2857 1820 2920 qui
1843 2863 1941 2918 tuo,
1961 2867 2015 2908 et
2040 2863 2189 2910 unice
2208 2877 2381 2913 veram
2400 2865 2501 2914 lec-

210 2934 215 2937 -
303 2908 520 2968 tionem,
548 2923 643 2957 nec
678 2911 827 2968 male,
864 2919 1034 2974 putat,
1055 2927 1140 2962 nec
1169 2915 1252 2975 qui
1284 2920 1396 2964 tuo-⁹
1429 2916 1580 2969 Harl.
1647 2928 1663 2951 ‘
1684 2921 1749 2970 In
1776 2924 1983 2986 vulgato
2009 2926 2276 2976 verborum
2301 2931 2503 2992 ordine,

302 2972 440 3035 quasi
458 2977 715 3023 traduntur
735 2977 787 3026 in
801 2983 925 3036 arte,
948 2990 1048 3025 non
1074 2977 1241 3038 video,
1262 2980 1383 3043 quid
1411 2984 1536 3031 velit
1552 2988 1685 3047 quasi
1705 2990 1911 3037 tradere.
1947 2990 2223 3041 Lambinus
2247 2995 2321 3043 sic
2344 2997 2505 3045 verba

305 3037 553 3102 collocat,
575 3055 680 3101 quae
706 3041 840 3100 quasi
860 3042 913 3089 in
934 3047 1039 3091 orte
1058 3044 1333 3108 traduntur,
1354 3046 1548 3097 inscitia
1560 3064 1581 3106 ;
1616 3059 1670 3101 et
1693 3052 1827 3102 hunc
1852 3055 2085 3106 ordinem
2116 3067 2326 3107 servant
2347 3062 2503 3110 Cant.

303 3103 456 3151 Harl.
484 3109 531 3152 l.
549 3110 615 3154 2.
645 3105 793 3166 wag.
819 3106 990 3156 Gonv.
1027 3106 1178 3169 Norf.
1201 3109 1316 3158 Bal.
1340 3112 1485 3175 Mag.
1508 3114 1680 3166 Joan.’
1716 3118 1881 3168 Peorc.
1950 3127 1964 3149 ⁸
1989 3121 2071 3170 Ita
2097 3139 2297 3187 qnoque
2321 3126 2429 3174 Erl.
2458 3132 2505 3177 1.

304 3170 355 3214 2.
378 3168 480 3215 nisi
505 3175 564 3216 ut
585 3169 809 3218 habeant
833 3172 1100 3221 inscientiu-
1164 3172 1296 3222 Voc.
1329 3176 1380 3223 in
1409 3184 1517 3228 orte
1552 3179 1738 3231 absunt
1770 3184 1837 3231 ab
1870 3184 1989 3235 edd.
2026 3202 2069 3235 s.
2098 3189 2134 3238 l.
2168 3199 2221 3238 et
2242 3206 2288 3238 a.
2353 3190 2500 3242 Med.

305 3232 430 3282 Asc.
454 3240 510 3283 et
540 3234 724 3296 probat
749 3235 905 3284 Grnt.
939 3237 1077 3300 quia,
1111 3239 1126 3266 ‘
1148 3239 1390 3289 tradere’
1423 3243 1492 3291 sit
1524 3247 1650 3295 artis
1684 3249 1932 3312 verbum3
1965 3252 2057 3301 sed
2092 3262 2235 3303 recte
2260 3255 2505 3306 dissentit

302 3294 540 3346 Ernesti.
606 3299 690 3347 Ab
725 3301 807 3348 ed.
842 3302 988 3363 Lips.
1022 3302 1169 3352 abest
1205 3304 1274 3352 in.
1337 3306 1486 3370 Mox,
1518 3311 1734 3372 quoniam
1767 3318 1902 3376 quod,
1939 3319 2121 3368 omisso
2154 3321 2222 3378 id,
2256 3322 2365 3370 Erl.
2388 3326 2435 3370 1.
2456 3325 2505 3370 2.
2596 3358 2604 3373 ,

305 3362 464 3422 Dein,
488 3364 540 3412 in
567 3364 674 3411 Erl.
699 3369 765 3413 2.Δ
782 3367 919 3415 rebus
957 3367 1154 3416 Crassus
1187 3369 1455 3430 loqueretur
1479 3374 1530 3422 in
1567 3385 1735 3436 textu,
1767 3382 1855 3426 sed
1880 3381 1930 3428 in
1956 3387 2203 3445 margine,
2231 3386 2401 3435 Crasse
2435 3389 2503 3434 lo-

305 3428 536 3489 querere?
567 3428 814 3480 Harl.—4
849 3432 956 3480 Erl.
977 3439 1025 3480 2.
1050 3432 1223 3482 Oxou.
1244 3435 1288 3490 δ,
1313 3435 1487 3485 Guelf.
1517 3443 1563 3490 1.
1583 3444 1632 3488 2.
1654 3445 1701 3489 3.
1734 3443 1785 3491 in
1822 3447 2107 3496 cer-tionibus
2120 3465 2142 3507 ;
2179 3450 2327 3499 Rom.
2352 3450 2386 3501 J
2393 3460 2502 3500 unt.

308 3492 446 3541 Kob.
462 3494 515 3542 in
537 3496 814 3543 certioribus
825 3511 846 3553 ;
882 3497 968 3546 alii
992 3497 1108 3546 libri
1129 3500 1181 3545 in
1202 3500 1482 3550 critionibus
1495 3518 1518 3561 ,⁶
1537 3513 1630 3554 aut
1652 3509 1704 3555 in
1726 3510 2074 3560 conditionibus
2089 3529 2110 3570 ;
2145 3523 2234 3563 sut
2256 3516 2305 3563 in
2328 3518 2505 3565 oratio-

306 3557 461 3606 nibus.
532 3557 662 3608 Cod.
686 3560 927 3609 Monach.
949 3561 1104 3610 habet
1137 3565 1187 3612 in
1224 3567 1537 3629 cautionibus,
1561 3571 1690 3620 etin
1713 3586 1872 3636 marg.
1908 3578 2237 3629 creationibus.
2305 3580 2505 3630 Victor.

307 3623 447 3686 conj.
468 3623 753 3673 cretionibus
769 3641 790 3684 ,-
825 3636 880 3676 et
901 3628 976 3678 sic
1000 3628 1151 3692 plane
1174 3629 1281 3678 Eri.
1305 3635 1350 3679 1.
1385 3641 1441 3683 et
1475 3634 1593 3683 cod.
1622 3635 1793 3688 Oxou.
1826 3654 1912 3705 ap.
1939 3641 2217 3692 Cockman.
2282 3645 2427 3702 Mox,
2446 3648 2504 3696 de

1298 3786 1517 3838 NOTAE

366 3873 384 3917 J
423 3876 764 3944 Gymnasium]
818 3879 983 3930 Locus
1009 3880 1098 3930 ubi
1121 3896 1367 3934 exerceri·
1448 3887 1760 3940 munior-ibus
1781 3889 2136 3942 informantur.
2286 3932 2295 3939 ,

311 3958 394 4000 tur
428 3966 648 4014 corpora
676 3957 829 4018 saltu,
853 3972 1024 4019 cursu,
1045 3958 1364 4010 luctatione:
1512 3963 1539 3998 Β
1577 3966 1646 4014 Ut
1674 3967 1726 4016 in
1766 3969 2071 4033 cretionibus]
2106 3970 2301 4029 Cretio,
2337 3971 2505 4036 iuquit

310 4045 338 4091 a
360 4029 534 4090 γυμνὸς
555 4033 721 4089 nudus,
748 4035 866 4096 quia
899 4036 950 4084 in
975 4037 1089 4086 istis
1112 4039 1367 4087 exercita·
1447 4041 1722 4104 Ulpianus,
1758 4054 1836 4094 est
1875 4054 2135 4096 certorum
2159 4047 2367 4107 ,dierum
2392 4065 2507 4113 spn-

309 4106 532 4154 tionibus
551 4110 812 4170 graviores
832 4119 1001 4162 vestes
1016 4112 1365 4176 deponebant,
1447 4118 1574 4168 tium
1620 4119 1755 4183 qnod
1806 4121 1957 4171 datur
2010 4122 2253 4174 instituto
2309 4126 2504 4176 liaeredi

313 4188 369 4230 ut
386 4192 560 4232 essent
583 4185 835 4248 expediti.
879 4188 1242 4252 Metaphorice
1263 4192 1365 4256 sig·
1446 4193 1510 4243 ad
1548 4194 1956 4261 deliberandum,
1983 4209 2153 4249 utrum
2186 4202 2431 4265 expediat
2454 4206 2505 4254 ei

314 4256 487 4308 nificat
522 4261 711 4322 locum,
751 4261 837 4310 ubi
877 4265 1030 4314 animi
1068 4266 1233 4316 literis
1274 4268 1364 4318 hu·
1447 4268 1594 4322 adire
1641 4272 2017 4326 hereditatem.
2085 4276 2265 4327 Cretio
2310 4278 2504 4343 duplex
