3020 4942
1038 369 1134 419 ns
1185 368 1499 418 mvnuvr.
1548 369 1631 419 ιι.
1672 353 1781 418 44.
2365 354 2496 420 777

321 533 463 597 gare
520 531 725 578 ausus
771 513 883 592 sit,
929 533 1003 580 se
1046 514 1270 579 dicere
1314 514 1703 579 desiturum.
1791 511 1941 579 126.
1988 512 2064 578 Si
2117 513 2493 579 ιιειιιῐιιιιιι·18

318 610 520 699 neget,
597 623 666 681 et
734 625 981 681 contra·
1022 626 1239 682 tamen
1298 618 1482 683 dicat
1517 638 1533 678 z
1603 616 1767 681 nibil
1826 637 1998 693 esse,
2036 695 2040 702 .
2075 637 2211 702 quo
2289 616 2494 682 homi-

318 738 460 783 nem
513 718 1064 803 impudentiorem
1096 729 1147 771 ¹⁹
1212 720 1571 804 quisquam
1633 740 1709 784 se
1772 722 2066 786 visurum
2126 720 2495 785 arbitretur.

319 822 394 885 In
440 822 567 886 hoc
618 824 712 886 ita
754 825 1146 889 commorari
1192 825 1562 898 conveniet,
1606 826 1805 909 quasi
1846 824 2009 889 nibil
2043 834 2368 908 praeterea
2398 822 2495 887 di-

318 925 594 989 cendum
627 925 741 1002 sit,
770 934 837 990 et
859 926 1057 1009 quasi
1087 934 1322 991 contra
1351 926 1484 991 dici
1516 927 1675 992 nibil
1710 928 1953 1010 possit,
1985 947 2165 1010 saepe
2195 925 2287 1004 id,
2317 925 2500 1009 quod

318 1028 633 1111 scriptum
665 1036 792 1107 est,
822 1030 1208 1110 recitand03
1254 1050 1442 1114 saepe
1492 1049 1643 1094 cum
1685 1031 1943 1115 scripto
1987 1031 2232 1094 factum
2267 1029 2498 1092 adver-

254 1125 271 1140 *
316 1130 466 1198 sarii
500 1130 1040 1215 confligend0320
1084 1142 1290 1216 atque
1328 1133 1656 1197 interdum
1688 1135 1930 1198 acriter
1958 1132 2044 1197 ad
2064 1131 2363 1216 judicem
2395 1130 2499 1213 ip-

319 1251 454 1296 sum
483 1241 500 1270 ¹
536 1234 950 1299 revertendO.
1043 1234 1199 1314 Quo
1232 1238 1298 1299 in
1327 1236 1481 1300 loco
1502 1235 1720 1320 judici
1748 1223 2340 1299 demonstrandum
2372 1239 2501 1309 est,

316 1336 466 1419 qnid
487 1336 765 1422 juratus
799 1337 937 1414 sit,²
982 1338 1145 1422 quid
1191 1339 1381 1422 sequi
1413 1338 1691 1404 debeat:
1739 1338 1998 1402 duabus
2031 1336 2113 1401 de
2144 1335 2367 1400 causis
2389 1335 2501 1419 ju-

317 1438 522 1504 dicem
568 1439 879 1504 dubitare
922 1449 1251 1523 oportere,
1298 1441 1359 1504 si
1404 1450 1523 1505 aut
1567 1441 1885 1524 scriptum
1930 1440 2018 1503 sit
2055 1439 2358 1514 obscure,
2389 1442 2504 1501 aut

315 1548 504 1623 neget
533 1542 840 1625 aliquid³
888 1540 1351 1610 adversarius:
1402 1561 1618 1608 xclv.
1663 1543 1815 1609 127.
1862 1562 2012 1607 cum
2045 1550 2114 1606 et
2137 1542 2505 1623 scriptum⁴

317 1652 539 1727 aperte
572 1646 687 1723 sit,
719 1651 791 1710 et
819 1646 1244 1728 adversarius
1276 1637 1501 1710 omnia
1532 1645 1956 1720 confiteatur,
1990 1652 2128 1707 tum
2151 1642 2452 1727 judicem
2478 1645 2502 1686 ⁵

315 1747 437 1829 legi
494 1768 755 1832 parere,
806 1769 939 1813 non
996 1750 1410 1832 interpretari
1460 1749 1670 1831 legem
1729 1754 2053 1831 oportere.
2142 1744 2299 1809 Hoc
2348 1741 2510 1808 loco

316 1851 731 1927 confirmato,
755 1860 893 1917 tum
922 1853 1175 1916 diluere
1196 1871 1301 1929 ea,
1329 1873 1482 1936 quae
1516 1860 1748 1916 contra
1769 1850 1902 1914 dici
1922 1846 2278 1933 poterant,⁶
2311 1863 2505 1931 opor-⁴

316 1936 499 2017 tebit'.
596 1953 849 2018 Contra
895 1961 1117 2018 autem
1149 1954 1425 2032 dicetur,
1454 1955 1513 2017 si
1547 1960 1666 2017 aut
1698 1971 1970 2036 prorsus
2000 1950 2180 2014 aliud
2212 1949 2507 2014 sensisse

318 2057 630 2141 scriptor,
660 2064 728 2120 et
758 2057 1113 2141 scripsisse
1160 2056 1343 2121 aliud
1391 2055 1953 2120 demonstrabitur
1974 2075 1990 2115 z
2009 2061 2034 2102 ⁷
2084 2061 2151 2116 ut
2181 2054 2249 2116 in
2279 2053 2396 2116 illa
2424 2052 2507 2116 de

317 2165 735 2242 testamento,
760 2178 962 2244 quam
983 2161 1361 2243 posuimuS,
1387 2159 1857 2234 controversia,
1878 2163 1993 2221 aut
2013 2175 2228 2221 causa
2252 2177 2507 2220 assum·

318 2261 498 2325 tiva¹²
546 2262 890 2340 inferetur,
920 2263 1340 2345 quamobrem
1390 2262 1643 2344 scripto
1683 2281 1813 2326 non
1858 2261 2169 2343 potuerit,
2212 2265 2329 2323 aut
2373 2280 2509 2324 non

319 2365 687 2446 oportuerit
730 2364 1230 2447 obtemperari.⁸
1339 2365 1488 2429 128.
1537 2363 1612 2428 Si
1653 2363 1832 2427 aliud
1872 2364 2166 2426 sensisse
2200 2364 2507 2446 scriptor,

322 2465 500 2531 aliud
533 2466 890 2549 scripsisse
923 2466 1238 2545 dicetur,⁹
1282 2467 1361 2546 ie,
1397 2467 1510 2550 qui
1543 2466 1796 2549 scripto
1827 2473 2066 2540 utetur,
2098 2465 2226 2530 hoc
2256 2467 2515 2545 dicet,¹0

317 2585 445 2633 non
475 2575 786 2652 oportere
813 2568 897 2632 de
929 2568 1076 2652 ejus
1108 2569 1447 2633 voluntate
1479 2588 1603 2632 nos
1645 2570 2104 2651 argumentari,
2155 2570 2297 2652 qui,
2331 2590 2412 2633 ne
2440 2570 2512 2634 id
2541 2616 2546 2619 ψ

320 2669 544 2735 facere
575 2682 952 2753 possemuS,
984 2672 1306 2736 indicium
1336 2679 1382 2709 ¹¹
1433 2673 1629 2735 nobis
1657 2671 2063 2754 reliquerit¹²
2107 2691 2248 2735 suae
2281 2672 2511 2735 volun·

321 2776 477 2838 tatis
504 2771 576 2837 :f
611 2774 822 2839 multa
875 2772 1303 2838 incommoda
1361 2773 1709 2858 consequi,
1768 2774 1828 2836 Si
1887 2774 2286 2852 instituatur,
2345 2782 2423 2837 ut
2473 2795 2515 2839 a

372 2928 404 2974 s
432 2934 598 2990 Quam
618 2934 759 2982 talem
781 2946 878 2982 esse
899 2932 1127 2996 scriptum
1146 2934 1456 2983 demonstrat.

1251 3042 1624 3064 ‘mmm

323 3142 352 3175 a
374 3143 439 3176 rn.
465 3141 576 3176 sec.
596 3134 651 3176 et
673 3125 754 3175 ed.
778 3127 923 3178 Crat.
946 3132 1070 3176 cont.
1091 3142 1223 3188 posse
1239 3133 1407 3189 neget.-
1441 3128 1624 3176 Lamb.
1644 3128 2009 3188 suspicabatur
2032 3127 2237 3187 legend.
2252 3132 2337 3176 aut
2355 3133 2520 3178 contra

323 3194 417 3243 dici
437 3208 577 3256 posse
599 3195 865 3241 contendat.
867 3197 998 3241 —18
1031 3195 1058 3241 θ
1089 3193 1176 3243 Vel
1195 3194 1239 3242 si
1259 3194 1418 3242 never.
1420 3197 1552 3242 —19
1588 3193 1763 3245 Lamb.
1790 3201 1842 3241 ct
1870 3194 2033 3243 Orell.
2056 3196 2175 3256 quod
2196 3194 2321 3242 hom.
2384 3191 2442 3242 M
2466 3201 2523 3243 et

324 3258 436 3307 Sch.
469 3258 922 3320 imprudentiorem.-
958 3258 1104 3306 Voss.
1141 3262 1188 3307 1.
1223 3259 1580 3322 imprudentem.
1584 3262 1711 3307 -20
1748 3258 1789 3305 L
1826 3259 1885 3307 M
1920 3276 1968 3320 κ,
2002 3257 2151 3308 Leid.
2187 3263 2237 3307 2.
2273 3257 2355 3306 ed.
2392 3258 2519 3307 Om-

324 3323 427 3372 nib.
451 3324 804 3400 comparandpg
835 3323 907 3371 sic
932 3323 994 3370 θ’
982 3337 1034 3370 ιιι
1060 3337 1222 3384 uriarg.
1242 3334 1297 3371 et
1319 3325 1393 3372 sic
1416 3337 1679 3387 suprascr.
1703 3324 1754 3372 in
1779 3322 1860 3371 W.
1863 3327 1958 3372 —1
1993 3340 2024 3372 κ
2047 3338 2146 3372 nou
2171 3322 2370 3372 habet
2350 3338 2520 3386 zpsnm.

326 3392 419 3437 -2
454 3407 492 3436 ω
518 3391 563 3436 1.
584 3386 822 3450 quodynr.
845 3389 911 3436 sit
915 3392 1026 3435 .--3
1064 3389 1120 3436 M
1143 3389 1335 3451 aliquis·
1464 3434 1467 3439 .

387 3453 811 3503 cu.x1.1v.4
845 3469 876 3501 κ
916 3461 971 3501 et
1010 3451 1162 3502 Leid.
1185 3457 1232 3501 3.
1269 3454 1388 3501 Cum
1421 3458 1579 3502 antem
1610 3458 1659 3502 et
1678 3468 1777 3505 scr.
1779 3457 1874 3501 —5
1911 3451 2033 3502 Sch.
2055 3451 2230 3515 judex,
2268 3467 2524 3513 suprascr.

317 3515 541 3577 judicem
577 3523 635 3565 ut
658 3524 739 3577 est
775 3517 825 3564 in
853 3517 909 3565 M
935 3516 1018 3580 W,
1043 3519 1192 3566 Voss.
1219 3521 1265 3566 1.
1286 3521 1335 3566 2.
1368 3517 1518 3567 Leid.
1542 3521 1589 3566 1.
1612 3520 1763 3566 3.--6
1797 3517 1859 3565 W
1885 3520 1931 3575 θ,
1962 3516 2084 3565 Seh.
2122 3523 2408 3579 potuerunt.-
2443 3520 2524 3579 M,

329 3587 434 3632 ω2.
454 3584 609 3631 Voss.
635 3584 683 3630 1.
705 3586 755 3630 2.
779 3581 929 3631 Leid.
951 3587 1000 3632 2.
1026 3586 1076 3630 3.
1097 3583 1216 3631 Tur.
1243 3583 1418 3634 Lamb.
1444 3583 1659 3633 Schutz.
1680 3590 1734 3630 et
1760 3582 1928 3631 Oreli.
1950 3587 2191 3643 poterunt.
2259 3583 2419 3645 Vulg.
2437 3599 2523 3646 po-

330 3652 504 3697 terant.
509 3650 603 3695 -7
637 3664 675 3694 ω
699 3651 744 3695 1.
769 3661 961 3709 prorsus
980 3648 1112 3695 aliud
1132 3649 1321 3710 quidem
1341 3650 1543 3697 sensisse
1562 3647 1836 3709 scriptorem
1857 3649 2082 3696 demonstr
2084 3646 2269 3701 abatur
2294 3652 2343 3695 et
2360 3650 2528 3711 scrips-

330 3712 457 3761 oliud
480 3714 586 3761 dem
590 3717 703 3760 .—8
742 3711 885 3761 Leid.
909 3716 956 3760 3.
981 3713 1308 3776 obtemperare.
1313 3718 1408 3762 —9
1447 3714 1594 3761 Voss.
1616 3716 1661 3761 1.
1684 3716 1767 3760 aut
1793 3714 1962 3775 scrips.
1997 3718 2051 3760 et
2086 3712 2204 3760 Scb.
2233 3712 2382 3761 Voss.
2409 3717 2450 3760 1.
2471 3718 2522 3762 2.

330 3778 536 3826 dicatur.
538 3779 669 3823 -10
702 3794 739 3824 ω
763 3783 808 3827 1.
833 3777 932 3825 hoec
953 3779 1095 3826 dicet.
1158 3788 1265 3825 teet
1292 3778 1436 3827 Leid.
1473 3784 1519 3827 3.
1544 3784 1725 3826 carent
1750 3777 2050 3838 pronomine
2054 3779 2194 3824 .—11
2237 3778 2381 3826 Leid.
2398 3781 2448 3826 2.
2472 3784 2522 3826 3.

331 3842 483 3890 Voss.
509 3846 555 3890 1.
576 3842 725 3892 Jnnt.
750 3844 905 3892 Grut.
928 3850 981 3889 et
1005 3843 1182 3891 Graev.
1186 3843 1392 3891 ·Burm.
1395 3843 1672 3904 judicium:
1710 3843 1823 3893 Pal.
1844 3842 1894 3891 2.
1917 3846 1967 3890 3.
1990 3843 2149 3891 Grev.
2174 3841 2291 3893 Sch.
2314 3842 2457 3890 Leid.
2476 3849 2524 3892 l.

332 3907 477 3956 Voss.
493 3911 541 3956 2.
563 3905 739 3955 Guelf.
764 3912 811 3956 1.
833 3913 885 3958 2.
909 3908 1053 3958 Cass.
1075 3922 1249 3957 ornnes
1275 3908 1485 3958 Oxonn.
1512 3909 1642 3957 Mss.
1674 3922 1791 3956 cuni
1817 3906 2526 3957 Oliv.1.all.schutz.wet-

1324 4021 1544 4071 NOTAE

396 4114 421 4141 ¹¹
457 4111 614 4158 Conso
646 4107 925 4172 ossumtivo]
961 4109 1129 4158 Causa
1152 4110 1392 4160 assumti·
1472 4111 1570 4159 hoc
1614 4117 1716 4171 est,
1755 4108 2007 4172 probabili
2035 4107 2162 4159 facti
2197 4112 2394 4160 ratione
2436 4125 2528 4162 ex-

337 4199 417 4238 va.
450 4193 505 4234 ut
546 4190 696 4245 patet
730 4200 794 4233 ex
828 4185 1129 4248 antedictis,
1155 4193 1260 4236 tum
1292 4193 1394 4245 est,
1476 4188 1733 4238 trinsecus
1758 4193 1984 4235 assumta
2005 4187 2387 4241 corroboratur.

338 4276 450 4312 cum
482 4262 689 4314 infirma
720 4276 813 4328 per
847 4276 904 4312 se
941 4261 1177 4315 defensio
1200 4264 1395 4325 colore,
