3020 4942
527 349 701 415 1066
1310 368 1384 414 u.
1433 368 1503 415 τ.
1551 368 1959 416 nicanorus

524 529 834 594 nequam,
856 509 1098 593 jocari.
1191 507 1590 574 Ridiculum·
1618 517 1722 574 est
1765 510 1933 575 illud
1969 510 2488 576 Neronianum4
2534 519 2720 577 vetus'

524 613 595 678 in
626 613 853 678 surace
886 632 1104 689 servo,
1157 617 1175 649 ‘
1199 611 1433 676 Solum
1467 632 1645 690 esse,
1675 615 1785 677 cui
1816 613 1997 677 domi
2030 614 2192 678 nihil
2227 616 2314 678 sit
2343 635 2468 679 nec
2502 615 2716 696 obsig-

523 723 777 793 natum,
810 736 929 780 nec
961 715 1311 780 occlusum
1334 714 1373 780 :'
1419 715 1599 798 quod
1630 716 1801 779 idem
1832 718 1897 779 in
1924 718 2096 780 bono
2121 736 2319 780 servo
2352 716 2492 781 dici
2519 719 2717 795 solet;

524 820 650 883 sed
677 820 805 884 hoc
837 819 1074 883 iisdem
1105 820 1308 883 etiam
1340 820 1585 883 verbis.
1673 819 1825 883 249.
1872 819 1980 882 Ex
2016 819 2256 882 iisdem
2288 827 2518 883 autem
2548 820 2718 882 locis

519 921 746 986 omnia
804 927 1269 984 nascuntur.·‘⁵
1360 919 1538 984 Nam
1588 918 1821 1003 quod⁶
1866 921 1988 1004 Sp.
2046 922 2384 988 Carvilio⁸
2430 922 2723 1003 graviter

522 1022 925 1090 claudicanti
955 1043 1038 1086 ex
1071 1023 1343 1086 vulnere
1366 1024 1454 1087 ob
1488 1023 1973 1105 rempublicam
2008 1031 2320 1107 accepto,
2351 1029 2422 1086 et
2451 1023 2544 1086 ob
2578 1042 2721 1084 eam

518 1143 792 1192 causam
845 1125 1313 1189 verecundanti
1366 1126 1434 1187 in
1486 1125 1825 1208 publicum
1876 1125 2167 1207 prodire,
2221 1132 2427 1190 mater
2449 1132 2475 1173 ⁷
2525 1124 2721 1200 dixit,

519 1229 539 1257 ‘
567 1226 752 1305 Quin
800 1228 1050 1310 prodiS,
1102 1228 1195 1291 mi
1240 1226 1499 1310 Spuri?
1548 1227 2108 1310 quotiescumque
2158 1227 2434 1308 gradum
2481 1225 2720 1298 facies,

520 1330 723 1393 toties
771 1330 940 1393 tibiv
984 1338 1244 1394 tuarum
1308 1330 1623 1392 virtutum
1674 1328 1894 1393 veniat
1942 1329 2013 1391 in
2059 1328 2392 1401 mentem,’
2437 1317 2736 1411 praecla-

516 1451 659 1495 rum
689 1440 754 1497 et
782 1453 981 1514 grave
1013 1438 1150 1498 est:
1196 1433 1375 1517 quod
1418 1430 1703 1495 Calvino
1731 1430 2026 1496 Glaucia
2057 1430 2485 1505 claudicanti,
2539 1435 2559 1462 ‘
2585 1429 2720 1494 Ubi

518 1541 621 1600 est
643 1544 833 1597 vetus
856 1534 1018 1599 illud
1042 1535 1109 1598 ‘l‘
1136 1554 1293 1598 num
1323 1534 1675 1599 claudicas
1694 1534 1723 1598 'l
1745 1532 1770 1571 ⁸
1804 1541 1875 1598 at
1903 1534 2012 1599 hic
2039 1532 2380 1610 clodicat,’
2408 1534 2524 1615 [p.
2545 1528 2723 1610 132]

519 1634 875 1701 ridiculum
906 1646 1048 1702 est:
1096 1644 1165 1701 et
1195 1644 1553 1720 utrumque
1595 1655 1685 1700 ex
1725 1656 1831 1713 eo,
1870 1636 2053 1720 quod
2100 1637 2168 1700 in
2216 1635 2724 1720 claudicatione

521 1738 959 1805 animadverti
988 1741 1237 1822 potuit,
1270 1747 1375 1805 est
1403 1739 1699 1804 ductum.
1771 1744 1794 1774 ‘·
1818 1738 2000 1817 Quid
2030 1741 2158 1804 hoc
2184 1739 2438 1803 Naevio
2462 1746 2491 1773 ²¹
2536 1740 2718 1818 igna-

515 1840 670 1904 vius
692 1842 722 1903 ‘i
742 1839 758 1865 '
801 1862 1030 1906 severe
1062 1843 1340 1926 Scipio:
1387 1849 1458 1906 at
1481 1842 1548 1906 in
1570 1850 1601 1893 ⁹
1644 1843 1819 1906 male
1851 1843 2198 1916 olentem,v
2248 1845 2269 1877 ‘
2293 1840 2519 1905 Video
2543 1859 2656 1905 me
2682 1858 2717 1903 a

579 2031 606 2054 ⁸·
641 2022 758 2072 Sive
777 2039 881 2088 quoe
898 2027 1136 2089 graviter,
1157 2026 1257 2075 sive
1279 2041 1384 2089 quoe
1404 2026 1605 2075 ridicule
1628 2026 1868 2076 dicuntur.
2064 2034 2087 2057 ¹²
2123 2025 2377 2074 Memoria.

1430 2153 1668 2174 ‘cotue‘
1677 2155 1791 2174 9000

517 2242 638 2292 edd.
662 2251 788 2293 vett.
829 2244 1002 2294 Lamb.
1035 2252 1092 2294 et
1130 2245 1341 2295 Schutz.
1377 2248 1506 2296 velut
1543 2248 1826 2296 iisdem—4
1862 2246 2149 2294 Noeciauum
2187 2241 2352 2294 codex
2392 2244 2631 2293 Tui-nebi
2665 2251 2715 2291 et

514 2323 694 2366 margo
720 2311 863 2358 Crat.
888 2325 948 2358 ne
972 2310 1238 2359 Romanum
1259 2315 1313 2373 ψ.
1380 2312 1547 2361 Paulo
1573 2321 1709 2376 post,
1736 2327 1819 2361 uec
1840 2313 2108 2360 conclusum
2131 2308 2309 2358 Guelf.
2336 2313 2385 2357 2.
2454 2310 2619 2372 Dein,
2639 2312 2715 2357 sed

512 2375 613 2422 hoec
631 2377 696 2435 ψς
729 2380 775 2423 et
796 2375 880 2424 hoc
904 2376 1048 2425 Man.
1073 2376 1345 2425 Lamb.-5
1383 2378 1472 2426 Sic
1488 2378 1521 2427 J
1529 2387 1637 2426 unt.
1656 2388 1710 2426 et
1733 2376 1910 2425 Lamb.
1953 2381 2213 2424 nuscuntur
2227 2376 2384 2423 omnia
2409 2375 2520 2425 Eri.
2537 2380 2585 2423 1.
2627 2391 2717 2422 om-

510 2440 595 2488 nia
619 2448 919 2502 suspectum
940 2441 1211 2502 Ernesti03
1243 2442 1340 2491 ulia
1354 2448 1613 2492 nascuntur
1635 2443 1768 2506 conj.
1793 2442 1998 2492 Scluitz.
2030 2440 2273 2490 contraria
2292 2445 2557 2489 nascuntur
2581 2455 2717 2504 susp.

516 2505 781 2556 Orell.—6
817 2507 1034 2569 Namque
1062 2510 1186 2570 quod
1223 2506 1408 2568 Steph.
1438 2518 1493 2557 et
1532 2510 1814 2557 Lamb.—7
1852 2510 1958 2556 Pro
1992 2513 2162 2561 mater,
2197 2509 2235 2568 ψ
2269 2507 2427 2555 habet
2452 2507 2717 2568 magister.

512 2569 662 2632 Mox,
694 2576 767 2633 ut,
802 2574 1176 2635 quotiescumque
1203 2574 1410 2633 gradum
1432 2572 1594 2633 sacius
1633 2572 1787 2622 codd.
1830 2574 2023 2637 aliquot
2063 2587 2145 2634 ap.
2184 2571 2350 2621 Orell.
2382 2571 2536 2621 Junt.
2576 2571 2716 2621 Crat.

515 2636 697 2684 Lami).
722 2635 1095 2699 ut‚q.g.sacies
1117 2638 1321 2686 Victor.
1351 2639 1492 2686 Man.
1528 2645 1583 2690 ut
1615 2640 1857 2688 omissum
1896 2645 1978 2685 est.
2013 2639 2064 2684 in
2100 2635 2183 2685 ed.
2220 2639 2371 2684 1584.
2409 2636 2568 2685 Grut.
2593 2647 2647 2684 et
2671 2638 2719 2696 ψ.

512 2701 646 2749 Tum
668 2702 824 2750 veniet
839 2704 896 2763 ψ,
919 2712 969 2749 et
997 2703 1151 2764 paulo
1177 2712 1294 2765 post
1319 2704 1370 2751 iu
1393 2704 1575 2752 eodem
1604 2705 1915 2754 Glauciae-8
1952 2702 2037 2751 lta
2061 2703 2199 2750 solus
2224 2701 2381 2750 Grut.
2404 2716 2516 2748 nam
2542 2703 2719 2749 claudi-

514 2771 590 2814 cat
616 2781 792 2815 omnes
813 2766 966 2816 codd.
989 2768 1192 2816 Pearcii
1220 2779 1272 2816 et
1298 2768 1420 2818 edd.
1448 2777 1573 2818 vett.
1605 2784 1665 2818 ne
1700 2768 1933 2817 claudicat
1957 2771 2026 2830 *Pi
2061 2782 2156 2814 non
2185 2767 2421 2814 claudicat
2459 2765 2642 2814 Guelf.
2676 2768 2719 2812 2.

513 2829 791 2893 Actutum,
815 2838 866 2893 at
886 2832 964 2880 liic
985 2834 1217 2881 claudicat
1241 2833 1394 2881 codd.
1426 2835 1579 2883 Cant.
1605 2834 1748 2883 Nov.'
1766 2837 1818 2896 Ψ·
1857 2832 2037 2881 Lamb.
2060 2831 2244 2891 Steph.
2267 2839 2321 2880 et
2348 2829 2471 2880 edd.
2499 2839 2719 2879 recenti.

513 2894 664 2960 Mox,
688 2898 773 2945 hoc
792 2898 1045 2946 ridiculum
1079 2903 1153 2947 est
1185 2912 1363 2947 omnes
1387 2898 1544 2948 codd.
1571 2898 1717 2948 Junt.
1743 2898 1921 2948 Lamb.
1960 2898 2117 2947 Grut.
2144 2897 2313 2946 Orell.
2383 2896 2631 2960 Denique
2653 2900 2722 2943 est

509 2960 689 3011 dictum
712 2965 863 3024 ψ.-9
897 2962 1046 3012 Idem
1072 2962 1259 3019 codex,
1282 2980 1339 3012 uc
1361 2965 1430 3012 in.
1498 2965 1646 3026 Mox,
1688 2964 1835 3014 Video
1879 2978 1953 3011 me
1991 2979 2021 3011 a
2059 2967 2103 3010 te
2126 2977 2220 3010 non
2241 2961 2507 3023 conveniri,
2526 2964 2612 3011 sed
2628 2962 2720 3009 cir·

1507 3101 1721 3152 NOTAE

512 3188 750 3243 Ciceroni
766 3187 1036 3238 obscurius
1061 3188 1251 3251 aliquid
1266 3188 1438 3239 locuto
1458 3190 1570 3238 dix·

509 3264 636 3312 isset
660 3278 715 3312 se
743 3265 977 3326 ignarum
1013 3265 1338 3326 enigmatum
1370 3265 1572 3315 solven-

509 3338 688 3388 dorum
708 3335 737 3400 ξ
749 3343 763 3368 ‘
783 3339 947 3403 Atqui
963 3338 1387 3405 sphinx,’inquit‚
1402 3344 1415 3369 ‘
1431 3340 1571 3405 apud

510 3423 566 3467 te
589 3416 708 3465 est.'
1535 3448 1558 3464 .

526 3540 531 3545 .
575 3502 593 3527 ¹
624 3494 713 3556 Sp.
757 3492 991 3557 Carvilio]
1038 3495 1084 3543 E
1127 3502 1286 3558 gente
1323 3495 1575 3552 cervilia,

510 3569 711 3635 plebeia
735 3570 962 3634 quidem,
981 3571 1070 3621 sed
1090 3572 1363 3621 consulari.

578 3649 594 3680 ῑ
631 3647 728 3696 Ubi
767 3651 839 3696 est
876 3653 1010 3697 vetus
1045 3647 1187 3712 illud]
1234 3648 1414 3696 Verba
1449 3654 1571 3697 sunt

509 3723 759 3774 Glauciae.
824 3723 939 3772 Ubi,
965 3725 1160 3788 (inquit
1195 3724 1414 3773 Glaucia
1452 3739 1569 3773 cum

511 3800 710 3850 videret
753 3799 1022 3848 Calvinum
1056 3798 1467 3863 claudicantem)
1486 3806 1571 3850 est

509 3884 659 3927 vetus
693 3878 820 3927 illud
859 3878 1203 3942 proverbium,
1226 3894 1325 3941 quo
1356 3881 1572 3928 uteban-

508 3960 596 4001 tur
633 3955 774 4017 olim,
810 3962 867 4003 ut
901 3955 1157 4003 hominem
1197 3956 1416 4019 aliquem
1456 3970 1572 4005 esse

435 4044 443 4053 ·
505 4038 829 4081 constantem
864 4030 1238 4095 significarent,
1277 4047 1394 4081 cum
1429 4032 1569 4082 dice-

507 4114 628 4155 rent
681 4107 795 4156 liaec
847 4108 1028 4169 verba,
1072 4114 1222 4156 ‘num
1256 4108 1571 4158 claudicat?

508 4196 633 4231 num
656 4182 747 4235 ine,
784 4184 948 4232 instar
985 4184 1246 4233 arundinis
1277 4185 1490 4234 vacillat
1516 4193 1572 4235 et

508 4256 913 4322 fluctuat,modo
935 4260 1053 4324 hoc,
1075 4260 1224 4310 modo
1248 4260 1375 4311 illud
1401 4263 1570 4327 sequi·

1652 3190 1774 3239 tur?
1798 3196 1943 3239 certe
1965 3190 2064 3238 h‘oc
2084 3189 2430 3255 proverbium,
2453 3187 2720 3253 inquiebat

1652 3267 1892 3322 Glaucia,
1916 3281 2017 3315 non
2044 3266 2188 3316 cadit
2210 3267 2259 3315 iu
2285 3266 2587 3323 Calvinum,
2606 3280 2720 3313 nam

1653 3343 1892 3406 profecto
1906 3343 2183 3399 claudicat,
2208 3343 2224 3369 ‘
2240 3352 2292 3390 at
2314 3343 2391 3390 iiic
2407 3342 2671 3391 claudicat
2689 3339 2721 3388 :'

1651 3420 1748 3468 hoc
1764 3428 1863 3479 est,
1883 3420 2034 3467 homo
2053 3427 2135 3467 est
2151 3419 2464 3479 inconstans,
2481 3418 2650 3467 dubiae
2668 3426 2720 3465 et

1651 3497 1866 3549 incerte
1907 3485 2049 3545 fidei.
2116 3496 2204 3544 Ita
2259 3495 2482 3546 Glaucia
2537 3494 2719 3542 vitium

1650 3572 1883 3635 corporis
1908 3572 1972 3620 ad
2015 3573 2198 3621 vitium
2236 3572 2391 3620 animi
2425 3570 2718 3633 significau-

1651 3649 1773 3699 dum
1798 3648 2017 3698 ridicule
2044 3647 2416 3699 transferebat.

1716 3731 1742 3758 ¹¹
1775 3724 1905 3780 Quid
1923 3725 2010 3772 Ιιοο
2036 3724 2230 3786 Noecio]
2259 3724 2491 3773 Verbum
2518 3721 2714 3784 Scipio·

1652 3803 1731 3849 uis
1774 3808 1876 3862 est,
1911 3803 1998 3866 qui
2053 3816 2169 3850 cum
2217 3801 2391 3850 Naevii
2449 3799 2716 3863 cujusdam

1654 3876 1945 3926 socordiam
1986 3879 2282 3937 increparet
2314 3875 2568 3938 graviter,
2602 3888 2715 3922 usus

1655 3962 1735 4004 est
1753 3955 1848 4003 lioc
1870 3953 2026 4002 niodo
2050 3953 2424 4016 paronomasia,
2443 3952 2558 4000 sive
2582 3951 2718 3999 simi·

1651 4031 1875 4083 litudine
1926 4031 2067 4080 verbi
2127 4032 2383 4090 tantisper
2446 4029 2720 4082 immutati,

1652 4125 1767 4160 cum
1786 4109 1942 4170 dixit,
1962 4116 1977 4138 ‘
1993 4107 2130 4160 Quid
2145 4108 2245 4156 isto
2269 4105 2458 4156 Naevio
2482 4107 2715 4169 ignavius

1655 4193 1739 4237 est
1756 4185 1790 4235 ?’
1861 4237 1874 4245 ,

1677 4272 1682 4275 ’
1716 4268 1740 4297 V
1772 4263 1842 4312 At
1883 4262 1940 4313 in
1977 4263 2100 4311 male
2135 4259 2363 4326 olentem]
2393 4259 2613 4310 Dictum
2636 4264 2717 4308 est
