3020 4942
1003 377 1095 426 nu
1142 375 1524 435 ORATORE,
1578 376 1622 421 1.
1669 359 1778 424 ⁵28.
2345 353 2475 423 873

317 523 449 588 128.
492 522 574 588 Iu
599 525 865 587 oratore
908 528 1125 586 autem
1176 527 1448 586 acumen
1492 517 2043 597 dialecticorum?
2085 520 2428 585 sententiae
2453 529 2474 567 ³

319 625 869 709 philosophorum,
903 625 1108 688 verba
1150 642 1361 707 prope
1402 621 1770 706 poetarum,
1802 622 2121 716 memoria
2137 621 2477 705 juriscon-

317 728 642 804 sultorum,
679 747 821 792 vox
851 725 1323 808 tragoedorum,
1364 731 1589 808 gestus
1636 744 1828 807 paene
1858 744 2260 812 summorum
2291 732 2479 790 aeto-

314 849 440 892 rum
467 834 565 893 est
590 829 1036 912 requirendus,
1106 826 1563 906 Quamobrem
1595 827 1755 892 nihil
1774 827 1848 891 >in
1877 828 2212 891 hominum
2245 848 2479 910 genere

315 931 513 996 rarius
533 931 825 1015 perfeeto
858 937 1115 995 oratore
1146 928 1425 994 inveniri
1454 939 1727 1014 potest:
1774 949 1926 1014 quae
1959 932 2160 1008 enim,
2184 931 2477 1013 singula-

313 1053 442 1097 rum
470 1053 675 1098 rerum
708 1033 1000 1098 artifices
1030 1032 1293 1114 singula
1320 1032 1381 1095 si
1411 1032 1834 1097 mediocriter
1863 1032 2088 1115 adepti
2121 1039 2294 1111 sunt,
2325 1052 2477 1115 pro-

312 1135 548 1211 bantur,
580 1155 685 1215 ea,
707 1136 835 1199 nisi
867 1135 1093 1200 omnia
1120 1153 1378 1198 summa
1406 1142 1612 1198 suut*
1639 1137 1702 1198 in
1735 1142 2019 1214 oratore,
2049 1135 2322 1218 probari
2344 1155 2479 1200 non

314 1244 599 1319 possunt.
1788 1235 1795 1243 ’

383 1339 523 1404 129.
566 1339 742 1403 Tum
775 1338 1085 1416 Cra‘ssuS,
1116 1341 1329 1423 Atqui
1359 1339 1539 1414 vide,
1573 1341 1803 1425 inquit,
1849 1340 1916 1404 iu
1959 1338 2286 1404 artificio‘
2330 1360 2480 1423 per-

313 1459 494 1523 quam
542 1443 773 1507 tenui·⁵
798 1448 822 1477 '²
863 1450 931 1507 et
976 1442 1128 1520 levi,
1172 1451 1427 1527 quanto
1471 1444 1628 1525 plus
1674 1443 2067 1508 adhibeatur
2097 1443 2480 1524 diligentiae,

308 1562 491 1625 quam
520 1544 589 1608 in
619 1544 749 1608 hac
780 1564 873 1620 re,
901 1563 1106 1627 quam
1134 1551 1394 1609 constat
1424 1565 1573 1608 esse
1604 1545 1990 1609 maximam.
2078 1544 2279 1629 Saepe
2307 1544 2483 1608 enim

309 1645 479 1736 soleo
538 1646 778 1712 audire
821 1645 1177 1723 Roscium,
1218 1667 1371 1711 cum
1426 1648 1522 1709 ita
1573 1648 1774 1725 dieat,
1814 1668 1888 1711 se
1918 1635 2152 1711 adhue
2193 1648 2481 1730 reperire

309 1749 723 1833 discipulum,
771 1769 969 1834 quem
1026 1751 1288 1833 quidem
1342 1751 1680 1833 probaret,
1741 1745 2050 1833 potuisse
2107 1751 2433 1812 nemiuem
2463 1769 2482 1814 t
2515 1825 2523 1831 ,

304 1871 421 1915 non
453 1872 586 1935 quo
617 1872 752 1916 non
785 1858 1013 1917 essent
1040 1853 1315 1936 quidam
1349 1852 1902 1937 probabile3‚'sed
1925 1852 2110 1935 quia,
2134 1853 2188 1915 si
2223 1843 2483 1935 aliquid

305 1955 487 2017 modo
517 1960 700 2019 esset
730 1955 894 2032 vitii,
937 1953 1004 2017 id
1049 1956 1214 2019 serre
1246 1955 1394 2038 ipse
1439 1974 1571 2018 uon
1603 1961 1864 2038 posset.
1953 1953 2145 2018 Nihil
2176 1961 2282 2017 est
2311 1954 2484 2018 euim

304 2060 423 2119 tam
477 2057 780 2140 insigne,.
804 2063 926 2121 uec
970 2069 1106 2121 tam
1147 2056 1235 2121 ad
1282 2057 1774 2122 diuturnitatem
1813 2057 2160 2121 memoriae
2223 2056 2482 2132 stabile,

306 2178 495 2240 quam
526 2160 618 2233 id,
654 2161 726 2224 in
770 2179 907 2243 quo
945 2160 1200 2244 aliquid
1243 2159 1674 2249 offenderim(
1751 2160 1900 2225 130.
1947 2158 2190 2242 Itaque
2229 2156 2353 2223 ut⁶
2397 2156 2485 2220 ad

302 2259 458 2326 hauc
486 2262 992 2327 similitudinem
1020 2262 1220 2347 hujus
1243 2264 1611 2341 histrionis,
1653 2265 2008 2327 oratoriam
2036 2245 2302 2326 laudem
2335 2260 2489 2324 diri-

212 2363 221 2376 ’
303 2377 573 2448 gamus}
617 2359 968 2441 videtisne,
1001 2385 1204 2449 quam
1230 2365 1394 2429 nihil
1425 2368 1512 2430 ab
1535 2386 1640 2443 eo,
1664 2366 1799 2428 nisi
1824 2365 2145 2448 perfecte,
2174 2365 2335 2429 nihil
2356 2364 2484 2430 nisi
2532 2357 2537 2364 ’

360 2537 377 2561 ‘
414 2531 721 2582 Hirti-ionum
750 2538 871 2582 arte.

347 2592 377 2634 s
405 2598 559 2652 Quam
590 2599 637 2647 si
658 2604 901 2660 peccatam
923 2596 1173 2647 admiseris
1194 2614 1283 2660 qao
1304 2597 1394 2646 alii
1414 2597 1732 2662 offenduntur.

354 2666 380 2701 ἴ
418 2663 765 2724 Utjudicemus
794 2665 854 2713 de
871 2669 1058 2713 oratore
1076 2662 1282 2727 perfecto
1304 2664 1650 2727 comparatione
1671 2660 1802 2708 illias
1825 2675 1928 2709 cam
1953 2658 2125 2708 Roscio
2147 2660 2387 2709 instituta.

1216 2796 1453 2818 “0000“
1456 2797 1543 2817 ’θ’
1547 2796 1574 2816 0

301 2879 461 2929 Oxou.
484 2883 551 2940 U,
575 2883 801 2932 tardatur
823 2887 877 2930 at
899 2882 1106 2932 leticiam
1119 2897 1140 2938 ,-
1173 2890 1229 2930 et
1250 2882 1390 2941 dein,
1411 2881 1620 2930 traditor
1642 2882 1756 2929 loco
1777 2879 2074 2929 sardion—8
2113 2876 2221 2928 Eri.
2244 2882 2293 2926 2.
2316 2876 2487 2928 Oxou.

305 2943 365 3004 U,
389 2947 603 2996 scientia.
673 2948 818 3003 Mox,
842 2947 981 2996 rerba
1002 2947 1305 3010 prudentiam
1335 2948 1581 3011 poetaram
1609 2946 1780 2995 Oxou.
1805 2946 1852 2993 U
1888 2945 1931 2993 Z
1963 2942 2189 3005 e3'verba
2208 2944 2489 3007 prudentum

296 3009 528 3070 poitur-um
566 3012 678 3062 Erl.
712 3016 760 3061 2.
809 3027 969 3075 prope,
1003 3023 1056 3061 et
1093 3011 1226 3061 inter
1263 3014 1351 3061 lin.
1385 3010 1708 3075 prudentium,
1732 3011 1901 3058 Oxou.
1931 3011 1986 3069 δ;
2018 3025 2161 3072 prope
2189 3007 2489 3072 prudentium

303 3074 465 3126 Oxou.
486 3081 539 3134 β.
610 3077 758 3136 Mox,
777 3083 966 3138 gestum
996 3092 1128 3139 μακε
1162 3093 1340 3127 summo
1366 3078 1634 3126 citatiorem
1663 3076 1834 3125 Oxon.
1861 3076 1924 3132 U,
1943 3076 2051 3125 Erl.
2071 3080 2120 3124 2.
2143 3075 2194 3123 in
2234 3089 2333 3135 quo
2367 3074 2483 3123 cod.

301 3138 398 3187 Erl.
423 3153 658 3190 actutum
684 3142 939 3205 sequitur,
963 3157 1054 3189 noa
1074 3157 1187 3193 sane
1208 3142 1325 3191 mihi
1345 3143 1561 3205 displicet
1580 3141 1802 3190 adhibere
1825 3142 1874 3188 in
1899 3155 2012 3203 cap.
2036 3144 2114 3190 34.
2146 3155 2273 3188 ηοω»
2302 3154 2490 3201 magna

301 3215 373 3252 est
407 3206 622 3267 lacuna3
661 3208 847 3255 desunt
882 3207 1016 3255 enim
1049 3209 1161 3255 loca
1195 3208 1340 3270 plura
1364 3210 1431 3256 ab
1454 3206 1552 3255 hoc
1576 3204 1691 3255 loco
1717 3220 1873 3270 usque
1896 3206 1957 3253 ad
1983 3220 2095 3268 cap.
2117 3207 2198 3254 34.
2220 3205 2247 3267 §
2272 3206 2384 3253 156.
2411 3211 2511 3254 at-'

300 3283 392 3330 que
416 3280 533 3334 post
558 3271 770 3321 verbum
794 3272 1015 3321 adhibere
1036 3274 1288 3336 sequitur,
1311 3273 1367 3322 Si
1389 3275 1457 3321 tri
1475 3273 1584 3332 fui‘s
1603 3273 1801 3334 adeptas
1823 3276 1894 3320 est
1913 3272 2053 3319 istam
2073 3273 2277 3319 locorum
2296 3271 2492 3321 aimista-

299 3349 476 3385 crorum
509 3338 742 3386 rationem
775 3352 880 3400 quoe
913 3337 967 3384 in
999 3342 1105 3386 arte
1133 3338 1464 3399 traditumdv.
1532 3337 1679 3392 Mox,
1703 3350 1886 3397 nnagna
1917 3337 2097 3385 lacuna
2129 3343 2209 3384 est
2244 3335 2398 3383 etiam
2435 3335 2489 3384 in

303 3397 465 3449 Oxon.
490 3402 561 3459 U,
586 3403 788 3450 omissis
821 3402 1053 3450 omnibus
1084 3417 1112 3449 a
1140 3402 1450 3458 Quamobrem
1480 3415 1641 3464 usque
1673 3401 1738 3449 ad
1763 3417 1817 3449 ea
1837 3400 2193 3462 exercitatione,
2216 3414 2333 3461 cap.
2356 3404 2437 3448 34.
2460 3402 2489 3464 §

302 3468 504 3514 15⁷.-4
539 3468 788 3516 ‘suavius
824 3466 1015 3529 legitur
1050 3468 1099 3514 in
1134 3467 1238 3515 Erl.
1262 3471 1307 3516 1.
1332 3477 1383 3515 et
1409 3465 1590 3516 Guelf.
1614 3471 1663 3515 3.
1685 3465 1844 3525 omnia
1864 3471 1974 3513 aaut
1993 3463 2209 3514 summa?
2246 3465 2488 3513 Ham—5

301 3527 470 3578 Guelf.
498 3536 548 3579 2.
572 3536 621 3580 3.
657 3547 795 3595 opera
831 3533 995 3589 tenum
1029 3531 1120 3579 sed
1160 3532 1333 3581 Erl.1.
1372 3531 1546 3580 Oxon.
1570 3533 1615 3591 δ,
1647 3531 1764 3579 edd.
1792 3530 1936 3578 Rom.
1960 3530 2097 3577 Kob.
2120 3528 2241 3578 Ald.
2276 3528 2488 3579 Omnib-

301 3593 458 3643 Nizol.
478 3611 622 3657 opera
644 3613 782 3658 quam
803 3598 933 3644 tenui
946 3613 965 3654 ;
1002 3597 1172 3665 Oxou.
1195 3615 1226 3645 a
1245 3600 1281 3653 β
1295 3614 1348 3659 γ,
1370 3597 1577 3661 artificio
1598 3610 1737 3657 opera
1750 3611 1768 3651 ,·
1804 3595 2033 3655 Oxou-8,
2049 3594 2255 3659 artificio
2270 3599 2317 3643 et
2333 3608 2488 3657 opera.

300 3655 461 3708 Paulo
480 3671 620 3725 post,
640 3662 867 3721 idfacere
888 3660 989 3724 ipse
1012 3677 1104 3711 aon
1119 3667 1273 3725 posset
1297 3662 1471 3711 Oxou.
1494 3679 1527 3710 a
1546 3677 1576 3710 a
1601 3663 1765 3724 prima
1789 3674 1962 3728 manu,
1986 3660 2076 3710 sed
2098 3668 2387 3709 correctum
2407 3665 2492 3708 est

1286 3784 1332 3833 N
1343 3781 1501 3833 01*AE

359 3878 382 3912 ¹’
414 3880 811 3946 Dialecttcornm]
861 3883 1093 3937 Quorum
1143 3882 1356 3945 propria
1434 3879 1740 3930 histrionum
1777 3879 1877 3928 fuit
1911 3876 2046 3943 apud
2081 3876 2336 3927 Romanos
2367 3890 2488 3927 con-

301 3963 377 4005 est
415 3959 702 4010 subtilitas:
751 3958 1064 4021 profitentur
1098 3958 1232 4007 enim
1274 3973 1352 4005 ar·
1434 3958 1583 4005 ditio.
1651 3955 1926 4005 Nonnullis
1968 3956 2332 4016 imperatorum
2364 3954 2490 4017 legi-

300 4040 398 4082 tem
424 4036 733 4097 disserendi,
757 4037 904 4099 cujus
924 4035 1040 4086 finis
1063 4041 1142 4084 est
1175 4048 1351 4083 verum
1435 4033 1531 4082 bns
1555 4030 1771 4080 infames
1809 4032 2138 4079 declarantur
2156 4030 2206 4077 in
2231 4028 2346 4083 eod.
2368 4030 2402 4080 J
2410 4044 2491 4079 us-
2542 4058 2548 4063 ·

301 4124 329 4156 a
352 4107 479 4159 falso
498 4110 843 4175 distinguere.
1435 4111 1615 4159 tinian.
1661 4109 1694 4157 1.
1732 4121 1816 4158 Χῐ.
1851 4107 1932 4157 tit.
1963 4111 2046 4156 41.
2081 4107 2194 4156 aliis
2226 4113 2398 4158 tamen
2421 4106 2489 4157 ab

356 4194 379 4219 0
413 4186 639 4251 Artificio
656 4202 882 4250 perquam
902 4186 1054 4250 tenui]
1110 4188 1229 4237 Non
1252 4187 1354 4235 alia
1435 4185 1647 4237 infamia
1672 4183 1919 4234 vindicari
1937 4183 2197 4235 videntur.

304 4261 466 4324 vilior,
513 4265 557 4311 si
602 4264 815 4314 servitia
870 4264 1157 4329 exceperis,
1203 4279 1352 4329 quam
