3020 4942
479 383 482 386 ’
531 358 667 428 930
1315 376 1392 423 M.
1438 376 1508 426 τ.
1555 374 1958 425 cressonis

536 534 645 588 est
688 523 895 599 dicta,
933 532 1003 587 et
1043 524 1112 587 in
1146 519 1224 587 C.
1258 519 1597 586 Hostilii⁶
1642 520 1948 587 Mancini
1975 519 2481 598 controversia,
2531 526 2731 610 atque

532 628 603 691 in
645 647 727 690 eo
772 646 1001 710 puero,
1045 627 1160 711 qui
1206 645 1295 691 ex
1340 624 1553 690 altera
1595 634 1794 689 natus
1838 631 1977 689 erat
2020 642 2253 702 uxore,
2284 642 2417 688 non
2446 626 2732 688 remisso

530 730 768 794 nuntio
799 729 1144 812 superiori,
1173 730 1302 793 fuit
1330 727 1502 812 inter
1537 727 1983 810 peritissimos
2014 726 2321 792 homines
2352 745 2619 791 summa
2647 726 2731 794 de

520 833 675 917 jure
701 831 1065 896 dissensio.
1150 831 1303 895 239.
1350 829 1609 908 Quaero
1660 830 1881 912 igitur,
1927 828 2091 914 quid
2133 828 2468 914 adjuverit
2498 838 2725 893 orato-

528 955 668 999 rem
728 935 804 998 irr
853 933 962 998 his
1023 933 1249 999 causis
1281 931 1455 1015 juris
1510 933 1818 1010 scientia,
1864 951 2016 996 cum
2063 931 2174 997 hio
2208 932 2728 1016 jurisconsultus

530 1038 832 1121 superior
875 1037 1073 1102 fuerit
1124 1036 1578 1113 discessuruS,
1626 1036 1744 1119 qni
1790 1043 1976 1100 esset
2017 1055 2153 1100 non
2191 1043 2366 1099 sno⁷
2410 1035 2722 1109 artificio,

526 1140 642 1204 sed
671 1141 915 1218 alieno,
945 1140 1076 1204 hoc
1104 1145 1229 1214 est,
1266 1159 1399 1203 non
1430 1137 1609 1222 juris
1641 1139 1948 1216 scientia,
1984 1137 2105 1203 sed
2135 1138 2545 1221 eloquentia,
2580 1157 2728 1201 sus-

525 1248 837 1308 tentatus.
923 1242 1261 1326 Equidem
1309 1242 1442 1307 hoc
1487 1260 1680 1324 saepe
1721 1240 1970 1316 audivi,
2001 1260 2153 1305 cum
2194 1240 2595 1305 aedilitatem
2644 1239 2722 1303 P.

524 1343 821 1411 Crassus
880 1351 1159 1430 peteret,
1218 1364 1523 1429 eumque*
1560 1344 1779 1429 major
1823 1349 2008 1421 natu,
2050 1344 2257 1408 etiam
2305 1340 2726 1420 consulam,¹¹

523 1444 669 1527 Ser.
716 1444 943 1511 Galba
1003 1442 1499 1522 assectaretur,'‘
1543 1444 1727 1527 quod
1758 1442 1992 1508 Crassi
2042 1442 2247 1507 filiam
2296 1441 2376 1507 C.
2418 1442 2564 1506 filio
2604 1461 2725 1506 suo

519 1546 1049 1631 despondisset,¹
1106 1547 1481 1612 accessisse
1532 1545 1620 1612 ad
1674 1545 2000 1612 Crassum
2056 1544 2448 1611 consulendi
2508 1563 2725 1609 causa

520 1651 847 1735 quendam
877 1650 1325 1717 rusticanum:
1357 1649 1655 1733 quicum
1688 1649 2006 1715 Crassum
2037 1648 2490 1723 seduxisset,¹'⁸
2522 1654 2729 1731 atque

519 1752 607 1818 ad
634 1767 784 1818 eum
811 1753 1206 1832 retulisset,’·
1234 1771 1769 1837 responsumque
1790 1753 1875 1818 ab
1905 1770 1990 1816 eo
2021 1769 2248 1818 verum
2277 1752 2495 1833 magis
2519 1769 2725 1834 quam

520 1857 608 1922 ad
631 1876 829 1922 ,suam
873 1875 1013 1921 rem
1042 1856 1621 1923 accommodatum
1653 1855 2040 1920 abstulisset
2064 1865 2129 1935 3⁰
2169 1861 2246 1918 ut
2275 1872 2429 1917 eum
2461 1854 2729 1919 tristem

518 1958 747 2025 Galba
776 1958 970 2036 vidit,
1011 1959 1278 2023 nomine
1297 1957 1697 2042 appellavit,
1735 1956 2217 2041 quaesivitque,
2246 1976 2384 2040 qua
2412 1957 2500 2022 de
2528 1976 2605 2021 re
2630 1958 2716 2022 ad

518 2060 843 2128 Crassum
875 2053 1248 2127 retulisset:
1293 2080 1381 2125 ex
1410 2080 1547 2145 quo
1577 2067 1653 2126 ut
1694 2061 1980 2138 audivit,
2010 2066 2561 2146 commotumque
2581 2072 2616 2112 ²
2652 2067 2725 2125 ut

516 2164 690 2235 vidit
720 2164 1083 2241 hominem,
1112 2164 1522 2256 Suspensus
1547 2164 1784 2246 inquit,
1807 2164 2036 2228 animo
2063 2171 2134 2228 et
2163 2171 2504 2247 occupato
2523 2165 2722 2230 Cras-

516 2286 664 2336 sum
687 2268 817 2334 tibi
831 2267 1261 2349 respondisse
1279 2264 1480 2331 video
1502 2285 1524 2332 ε
1551 2267 1701 2331 240.
1728 2266 2214 2349 deinde-ipsum
2235 2265 2560 2331 Crassum
2581 2285 2720 2333 ma·

513 2389 603 2432 nu
636 2369 1003 2453 prehendit,
1033 2377 1120 2446 et,
1151 2368 1355 2436 Heus
1383 2374 1478 2447 tu,
1503 2369 1742 2453 inquit,
1778 2369 1941 2452 quid
1985 2370 2102 2433 tibi
2135 2370 2200 2433 in
2230 2376 2516 2433 mentem
2540 2372 2718 2433 venit

513 2471 612 2537 ita
641 2471 1048 2557 respondere
1076 2474 1107 2538 ‘t
1194 2473 1370 2538 Tum
1418 2473 1535 2537 ille
1560 2481 1589 2524 ⁹
1634 2470 1927 2552 fidenter,
1976 2471 2180 2538 homo
2234 2473 2721 2558 peritissimus»,

513 2577 923 2656 confirmare,
949 2577 1046 2642 ita
1073 2597 1145 2642 se
1169 2597 1308 2642 rem
1336 2576 1598 2657 habere,
1627 2583 1699 2669 ut
1727 2578 2190 2663 respondisset
2215 2597 2234 2660 ;
2278 2598 2403 2643 nec
2433 2578 2721 2644 dubium·

510 2700 663 2744 esse
721 2701 946 2764 posse.
1036 2680 1262 2746 Galba
1323 2690 1542 2746 autem
1598 2680 1904 2747 alludens
1933 2692 1956 2720 '
2022 2680 2232 2757 varie,
2291 2689 2362 2745 et
2404 2680 2705 2766 copiose,

508 2785 755 2850 multas
787 2782 1259 2849 similitudi-nes
1302 2783 1562 2863 afferre,
1593 2785 1936 2869 multaque
1975 2802 2098 2867 pro
2130 2784 2453 2868 nequitate
2485 2793 2704 2849 contra

498 2890 659 2973 juse
703 2889 967 2954 dicere:
1013 2889 1123 2972 [p.
1174 2887 1356 2968 106.]
1402 2896 1610 2971 atque
1666 2887 1880 2964 illum,
1926 2906 2082 2953 cum
2140 2885 2536 2953 disserendo
2594 2904 2705 2972 par

574 3083 598 3118 ¹
633 3086 733 3134 Per
751 3085 914 3135 urbem
933 3083 1257 3136 comitaretur.
1591 3082 1608 3117 ⁸
1625 3083 1934 3135 Promisisse-1
1955 3084 2008 3135 iu
2030 3084 2403 3138 matrimonium.

570 3156 610 3183 ¹⁸
641 3148 688 3198 A
715 3150 853 3199 turba
873 3149 1164 3212 abduxisset,
1188 3148 1454 3209 utsacilius
1470 3149 1605 3198 illum
1627 3150 1905 3199 consuleret.

569 3223 599 3248 ¹⁸
636 3216 839 3264 Causam
857 3215 934 3264 tui
953 3230 1085 3264 suam
1106 3217 1377 3265 consulendi
1396 3229 1537 3263 cauea
1558 3215 1870 3278 exposuisset.
2193 3217 2215 3246 ⁰
2246 3213 2541 3276 decepisset.

567 3287 600 3322 P
632 3281 973 3329 Perturbatum
990 3295 1207 3342 responso
1234 3280 1402 3330 Crassi
1421 3280 1485 3328 ad
1504 3279 1637 3328 auam
1650 3279 1914 3328 utilitatem
1933 3279 2093 3329 miuus
2111 3281 2474 3330 accommodato.

571 3353 595 3386 9
633 3345 819 3394 Incerto
836 3360 893 3393 cc
912 3345 1178 3403 dubitante.

569 3416 594 3442 ¹·
627 3410 739 3459 Nou
760 3410 978 3471 refutans
1003 3410 1228 3462 Crassum
1248 3408 1412 3459 dedita
1433 3424 1594 3475 opera,
1615 3410 1700 3460 sed
1719 3409 1858 3475 quasi
1879 3410 2181 3461 ludibundus·

1428 3547 1668 3569 eeoueee
1669 3536 1788 3568 oooo

502 3645 749 3683 causarum
763 3631 990 3692 fuit.-6
1024 3632 1133 3681 Erl.
1155 3636 1201 3682 1.
1221 3637 1269 3681 et
1290 3637 1342 3681 ut
1366 3633 1417 3682 in
1434 3629 1507 3681 ’0.
1536 3633 1833 3685 Lucilia—⁷
1870 3632 2019 3682 Idem
2055 3630 2246 3693 codex,
2263 3631 2372 3692 fuit
2407 3631 2696 3687 discensurus,

503 3699 586 3760 qui
606 3699 750 3747 etiam
772 3712 866 3746 non
887 3700 1090 3747 sum—8
1126 3697 1212 3747 Ita
1236 3712 1411 3746 omnes
1431 3705 1628 3761 praeter
1654 3699 1820 3748 Orell.
1840 3697 1928 3762 qui
1953 3699 2021 3746 de
2047 3713 2136 3746 sua
2159 3697 2463 3759 conjectura
2484 3693 2623 3745 dedit
2648 3695 2690 3740 et

491 3763 599 3824 jam
619 3763 897 3812 consularis.
960 3761 1111 3822 Mox,
1132 3765 1254 3824 quod
1276 3763 1478 3812 crassa·
1501 3764 1699 3824 aliquot
1723 3762 1979 3812 codd.—9
2017 3762 2134 3811 Tum
2155 3763 2231 3811 illi
2248 3762 2382 3811 Ven.
2409 3766 2550 3811 1485.
2572 3770 2690 3808 mar·

504 3843 571 3892 gc
595 3829 739 3879 Crat.
761 3829 907 3877 Man.
928 3828 1079 3878 Muli.
1101 3835 1155 3877 et
1181 3827 1347 3876 orell.
1417 3828 1537 3878 Tum
1568 3829 1650 3878 ille
1679 3827 1830 3879 Juur.
1861 3828 2006 3878 Crat.
2029 3827 2230 3877 Victor.
2255 3826 2441 3877 Lemb.
2462 3826 2611 3876 Grut.
2629 3822 2688 3872 al·

499 4068 502 4071 ¹
565 4057 588 4089 ἓ
623 4050 723 4098 Pro
744 4049 969 4112 equitate
993 4047 1281 4112 contr-jus]
1306 4040 1564 4112 'AEquitn-
1645 4064 1709 4100 ae
1728 4056 2022 4113 temporum
2042 4062 2060 4098 t
2085 4049 2175 4113 jue
2212 4056 2408 4112 nutem,
2439 4056 2497 4097 ut
2521 4046 2601 4096 iric
2615 4054 2687 4093 w·

503 4125 571 4172 tis
610 4125 814 4173 nomine
857 4123 1441 4188 intelligitur-'trutanam
1483 4125 1566 4175 bo-
1644 4126 1823 4187 mitur‚
1861 4130 1943 4174 est
1974 4131 2166 4174 exacta
2197 4132 2255 4173 et
2277 4136 2464 4174 severe
2487 4121 2606 4186 legio
2625 4115 2679 4166 ad

500 4202 733 4262 niguitas,
778 4210 880 4264 qua
911 4202 998 4251 lex
1034 4203 1232 4266 scripta
1272 4202 1564 4266 mitigetur,
1645 4204 1857 4254 verbum
1883 4202 2268 4268 interpretatio.

501 4281 699 4327 ratione
741 4278 922 4328 habita
961 4294 1157 4342 rerum,
1212 4294 1569 4344 personarum,
1889 4278 1893 4283 ’
