3020 4942
1041 386 1138 434 nss
1187 329 1563 444 ons'ronn,
1613 387 1691 434 11.
1736 370 1840 435 14.
2395 370 2525 439 971

339 540 523 598 crate
557 532 873 614 magistro
904 532 1194 615 impulsi,
1249 550 1321 594 se
1362 529 1448 595 ad
1479 531 1819 596 historiam
1853 530 2317 595 contulerunt:
2364 550 2525 597 cau-

339 657 455 701 sas
487 637 755 699 omnino
782 653 1121 718 nunquam
1164 634 1534 714 attigerunt.
1626 647 1790 695 xiv,
1834 632 1939 697 58.
1987 633 2288 716 Denique
2321 634 2526 698 etiam

341 760 385 804 a
436 738 861 822 philosophia
905 737 1239 821 profectus
1288 736 1597 818 princeps
1648 732 2090 818 Xenophon,b
2134 735 2528 801 Socraticus

338 842 458 906 ille
476 854 524 923 3⁹
572 850 732 933 post
764 843 848 904 ab
889 839 1291 904 Aristotele*
1336 837 1835 914 CallistheneS,⁰
1878 858 2104 902 comes
2136 837 2527 918 Alexandri,

340 944 615 1026 scripsit
659 944 1035 1008 historiam:
1085 948 1153 1007 et
1196 942 1305 1007 hic
1355 940 1625 1026 quidem
1656 947 1674 978 ¹
1720 941 2052 1005 rhetorico
2084 959 2275 1023 paene
2306 959 2525 1004 more:

339 1046 452 1110 ille
505 1052 723 1110 autem
772 1046 1101 1128 superior,
1136 1044 1385 1108 leniore
1432 1043 1723 1127 quodam
1772 1062 1940 1108 sono
1970 1051 2075 1106 est
2104 1061 2280 1118 usuS‚
2310 1047 2380 1107 et
2411 1042 2528 1125 qui

337 1148 524 1211 illum
557 1148 873 1231 impetum
906 1147 1184 1212 oratoris
1213 1165 1345 1215 nou
1379 1145 1621 1211 habeat
1651 1165 1669 1223 3
1713 1145 2069 1209 vehemens
2096 1144 2377 1209 fortasse
2405 1144 2529 1206 mi-

337 1270 492 1326 nuS,
526 1250 649 1313 sed
696 1251 1042 1334 aliquanto
1071 1257 1290 1314 tamen
1319 1256 1439 1328 est,
1468 1257 1544 1313 ut
1573 1247 1736 1312 mihi
1779 1247 2051 1329 quidem
2080 1246 2360 1323 videtur,
2390 1245 2528 1310 dul-

337 1353 505 1416 cior.
595 1350 916 1416 Minimus
964 1356 1125 1416 na‘tu
1173 1350 1405 1416 horum
1459 1350 1748 1414 omnium
1797 1345 2157 1424 TimaeuS,‘¹
2203 1356 2528 1432 quantum

403 1511 428 1543 ⁹
461 1501 738 1566 Disciputus
758 1501 990 1552 Socratis.
1375 1489 1399 1534 ‘⁷
1431 1501 1711 1565 Discipuzus
1727 1499 2024 1549 Aristotelis.

1258 1629 1612 1650 OOOOOOOOOOO

408 1730 552 1780 cn.
571 1743 686 1779 xrv.
746 1735 771 1779 1
800 1732 916 1780 Erl.
939 1736 986 1780 1.
1019 1736 1066 1781 et
1088 1731 1165 1779 his
1187 1730 1394 1793 quidem,
1419 1736 1473 1779 et
1496 1742 1594 1792 pro
1617 1742 1723 1776 var.
1746 1728 1868 1777 lect.
1884 1727 1946 1776 is.
2014 1726 2163 1786 Mox,
2187 1722 2323 1772 idem
2347 1721 2532 1786 codex,

336 1796 513 1845 leviore
551 1798 749 1859 quodam
779 1830 793 1845 .
822 1830 835 1846 .
863 1830 879 1845 .
900 1799 1124 1861 impetum
1161 1796 1299 1845 illum
1322 1829 1336 1845 .
1361 1826 1376 1841 .
1406 1829 1420 1842 .
1440 1810 1534 1844 non
1570 1793 1787 1843 habeant.
1854 1791 2020 1842 Paulo
2045 1800 2181 1855 post,
2218 1789 2428 1839 verbum
2458 1792 2532 1837 est

1321 1925 1542 1977 NOTAE

339 2030 442 2085 set,
474 2022 540 2073 ab
578 2024 786 2088 incepto
823 2024 1110 2086 destitisse,
1145 2000 1396 2087 pristinae-
1477 2020 1632 2072 factis
1655 2019 1938 2070 Alexandri
1962 2017 2144 2081 Magni
2168 2004 2428 2080 superiore
2452 2026 2532 2062 es-

339 2115 444 2164 que
475 2100 682 2150 ssnitsti
719 2116 834 2150 esse
872 2101 1183 2150 restitutum.
1248 2100 1398 2149 Vixit
1476 2115 1532 2149 se
1576 2100 1904 2163 praedicsret.
1968 2097 2193 2148 Odiosus
2216 2091 2533 2148 Alexandro,

339 2178 487 2241 suuis
510 2185 632 2225 ante
658 2178 912 2227 Christum
936 2178 1148 2228 circiter
1168 2179 1284 2228 360.
1477 2177 1615 2242 quod
1632 2177 1837 2227 divinos
1854 2177 1953 2239 ipsi
1971 2175 2179 2226 decerni
2200 2174 2418 2222 honores
2430 2169 2534 2219 dis·

405 2259 430 2285 ⁸
468 2250 706 2316 Ephorus]
742 2253 919 2301 Patria
953 2255 1209 2316 Cumaeus,
1244 2268 1394 2317 quem

336 2326 472 2377 dicit
490 2329 693 2377 Seneca
716 2343 856 2391 saepe
880 2327 1072 2390 decipi,
1096 2340 1233 2392 saepe
1258 2330 1395 2379 deci·

340 2419 486 2467 pere.
552 2405 819 2455 Memoriae
865 2405 1097 2469 prodidit
1142 2406 1397 2455 Diodorus

339 2482 544 2531 Siculus
578 2496 695 2532 eum
729 2497 811 2531 res
836 2497 866 2531 a
900 2483 1101 2533 Groecis
1124 2491 1179 2533 et
1200 2484 1397 2533 Barbe-

339 2560 411 2607 ris
436 2559 501 2608 ab
522 2558 914 2609 Heraclidarum
939 2560 1112 2609 reditu
1137 2575 1284 2621 paene
1303 2575 1397 2625 per

293 2687 296 2690 Α
339 2639 460 2684 750.
497 2650 657 2685 annos
689 2645 882 2699 gestas,
917 2644 970 2685 et
996 2637 1045 2684 iu
1069 2636 1284 2699 triginta
1308 2652 1397 2686 vo·

336 2712 534 2761 lumina
578 2712 882 2762 distributas
924 2713 1207 2776 scripsisse.
1272 2713 1397 2763 Dis·

339 2788 540 2850 cipulus
580 2787 824 2838 Isocrntis
861 2787 979 2853 fuit,
1016 2804 1077 2839 nc
1114 2787 1292 2839 floruit
1323 2789 1399 2841 0-

339 2864 502 2928 lymp.
522 2878 632 2914 ctx.
653 2868 799 2914 suuis
823 2875 942 2915 ante
965 2866 1084 2915 Chr.
1104 2861 1244 2916 844.Ἠ

406 2942 431 2976 b
466 2943 749 3006 Xenophon]
797 2942 1149 3007 Atheniensis,
1170 2941 1398 2994 Socratis

340 3020 563 3083 primum
609 3019 833 3079 auditor,
880 3028 986 3069 tum
1030 3021 1134 3069 dux
1173 3020 1223 3068 in
1261 3019 1399 3071 bello

233 3157 240 3164 ι
335 3094 597 3157 preclare
623 3093 773 3145 fectis
809 3095 881 3144 ita
913 3096 1095 3145 summi
1118 3097 1398 3159 imperato·

339 3169 413 3221 ris
456 3168 642 3220 famam
685 3172 905 3234 adeptus
944 3182 1047 3235 est,
1085 3178 1143 3221 ut
1185 3172 1399 3236 privatis

341 3245 563 3296 subinde
608 3246 790 3295 studiis
823 3246 1133 3311 eloquentiae
1180 3249 1397 3310 palmam

340 3323 519 3372 multis
565 3323 910 3387 praeripuerit.
977 3323 1158 3373 Refert
1210 3325 1398 3375 Suidas

340 3399 525 3450 datum
562 3400 611 3449 ei
646 3415 828 3454 nomen
860 3399 1057 3450 Atticm
1098 3402 1287 3463 Mnsae,
1317 3403 1400 3451 vel

341 3481 457 3543 apis
503 3481 718 3541 Atticm,
760 3481 917 3545 quod,
961 3487 1019 3530 ut
1075 3482 1148 3530 ait
1183 3482 1400 3544 Tullius,

340 3559 453 3621 ejus
487 3557 655 3606 oratio
683 3558 752 3606 sit
786 3557 938 3606 melle
970 3556 1185 3606 dulcior.

340 3634 446 3683 ime
492 3632 687 3698 floruit,
729 3641 861 3682 teste
912 3632 1141 3698 Laertio,
1188 3634 1400 3698 olymp.

342 3722 498 3759 ch.
533 3724 666 3758 anuo
687 3714 737 3759 4.
776 3724 962 3772 nempe
992 3717 1111 3759 ante
1144 3710 1263 3762 Chr.
1287 3715 1401 3760 401.

343 3788 710 3850 Nonagensrio
732 3786 897 3849 major
925 3788 1061 3849 apud
1098 3787 1401 3838 Corinthum

342 3862 493 3920 obiit,
515 3877 648 3912 suno
672 3866 720 3911 1.
757 3863 968 3926 Olymp.
992 3876 1082 3913 cv.
1117 3870 1240 3913 ante
1282 3864 1403 3914 Chr.

343 3943 459 3989 360.

409 4022 432 4048 θ
469 4015 801 4081 Callisthenes]
821 4016 1117 4078 Olynthius,
1138 4016 1401 4068 Aristote-

339 4090 404 4141 lis
423 4107 529 4141 uon
554 4092 705 4141 modo
722 4091 1023 4156 discipulus,
1046 4108 1221 4143 verum
1246 4095 1403 4145 etiam

342 4168 705 4226 consobrinus,
729 4176 786 4219 ut
810 4178 985 4218 narrat
1008 4170 1264 4233 Laertius,
1291 4180 1400 4220 tnn-

342 4253 417 4296 tae
459 4244 561 4296 fnit
603 4247 933 4309 arrogantiae,
973 4253 1033 4296 ut
1071 4247 1267 4311 scripta
1311 4263 1405 4299 sua

1252 3559 1399 3607 Max·
1451 3553 1454 3556 ’

1476 2256 1739 2313 suasisset,
1764 2254 2071 2317 minimeque
2106 2250 2238 2300 sulae
2276 2253 2331 2297 et
2361 2260 2533 2296 assen-

1476 2331 1694 2381 tantium
1713 2328 2123 2393 accommodatus
2147 2323 2370 2389 iugenio,
2393 2318 2535 2372 initae

1476 2410 1528 2459 in
1551 2419 1707 2473 caput
1738 2410 1875 2474 regis
1909 2408 2272 2471 conjurationis
2295 2405 2429 2454 falso
2450 2419 2535 2454 su·

1475 2496 1708 2552 spectus,
1749 2498 1871 2540 aute
1895 2494 2061 2536 tortus
2094 2484 2296 2535 interiit
2321 2484 2534 2546 olymp.

1477 2577 1637 2614 cxm.
1657 2578 1790 2613 anno
1813 2569 1861 2612 2.
1884 2570 2004 2612 ante
2020 2563 2142 2613 Chr.
2161 2565 2275 2610 327.
2298 2566 2311 2588 ‘
2334 2559 2535 2608 Nullius

1477 2638 1688 2702 caedes,'
1712 2640 1879 2703 inquit
1901 2638 2108 2688 Curtius
2131 2638 2166 2686 l.
2195 2650 2326 2686 vm.
2347 2641 2361 2663 ‘
2380 2635 2535 2698 majo-

1477 2733 1586 2768 rem
1610 2719 1749 2781 spud
1774 2718 1986 2766 Graecos
2015 2715 2317 2766 Alexandro
2338 2714 2536 2764 excita-

1479 2795 1557 2844 vit
1595 2794 1861 2855 invidiam,
1896 2808 2047 2858 qnam
2084 2792 2221 2855 quod
2260 2790 2536 2856 proeditum

1476 2870 1690 2936 optimis
1734 2870 1963 2919 moribus
1999 2868 2319 2932 artibusque,
2358 2882 2390 2915 ι
2435 2880 2536 2930 quo

1479 2958 1748 2998 revocatus
1772 2946 1835 2996 sd
1860 2947 2018 2995 vitam
2058 2951 2190 3008 erat,
2227 2957 2341 2993 cum
2374 2943 2537 2993 inter-

1480 3024 1622 3075 fecto
1663 3026 1821 3088 Clyto
1852 3023 1982 3073 mori
2025 3027 2397 3085 perseveraret,
2434 3033 2538 3069 non

1479 3108 1682 3152 tautum
1707 3100 1987 3162 occideret,
2011 3098 2103 3148 sed
2126 3097 2282 3147 etism
2309 3095 2539 3157 torserit,

1479 3178 1681 3229 indicta
1737 3176 1943 3245 quidem
2000 3174 2192 3224 causa-⁹
2268 3172 2543 3235 Arrianus,

1479 3256 1808 3320 Plutarchus,
1829 3258 1927 3305 &c-

1543 3336 1568 3371 ἃ
1605 3337 1831 3401 Rmaeits]
1882 3333 2214 3386 Tsummenii
2258 3333 2310 3382 in
2360 3331 2541 3382 Sicilia

1479 3420 1653 3475 ustus,
1679 3413 1928 3462 trecentis
1959 3412 2172 3461 circiter
2195 3420 2316 3459 ante
2348 3408 2541 3459 Christi

1479 3497 1651 3538 ortum
1698 3490 1843 3538 annis
1884 3486 2079 3549 floruit,
2117 3493 2369 3549 regnante
2398 3483 2541 3546 Agn-

1480 3565 1671 3622 thocle,
1707 3565 1791 3615 cni
1827 3563 1894 3615 ob
1932 3563 2181 3612 indictum
2218 3560 2423 3609 exilium
2466 3559 2538 3606 ul·

1482 3640 1712 3691 cist-endi
1743 3639 1915 3690 studio
1957 3637 2060 3687 fuit
2098 3642 2292 3699 praeter
2333 3633 2539 3682 modum

1480 3717 1736 3773 infensus,
1769 3714 1902 3766 adeo
1943 3722 2000 3763 ut
2030 3714 2080 3762 in
2114 3711 2265 3775 hujus
2290 3709 2540 3771 principis

1481 3793 1635 3843 rebus
1676 3792 1887 3852 nullam,
1927 3795 2141 3839 auctore
2177 3786 2358 3847 suida,
2383 3784 2541 3834 fidem

1482 3879 1763 3920 merentur.
1814 3868 1972 3916 Varia
2006 3863 2104 3914 fuit
2139 3864 2204 3913 de
2247 3864 2363 3926 ipso
2400 3868 2542 3912 vete·

1481 3960 1595 3995 rum
1620 3943 1897 3994 sententia.
1962 3942 2065 3991 Hic
2089 3939 2272 3988 eximie
2302 3934 2542 3986 laudatur

1484 4021 1805 4071 aCicerone.
1872 4020 2001 4068 Eum
2042 4016 2129 4065 alii
2166 4020 2378 4064 censent
2401 4012 2542 4062 nullo

1485 4097 1692 4147 delectu
1722 4093 1973 4161 quidlibet
1996 4094 2047 4143 iu
2072 4107 2190 4142 suas
2206 4089 2441 4141 historias
2467 4090 2544 4139 in-

1485 4171 1715 4236 fersisse,
1739 4170 2136 4234 Hesychiusque
2160 4176 2213 4216 et
2227 4165 2408 4216 Snidns
2424 4180 2541 4215 eum

1483 4247 1923 4314 ’γραοσυλλέκτριαν
1955 4261 2095 4298 anum
2114 4245 2420 4296 collecti-icem
2449 4256 2543 4309 sp-
