3020 4942
997 369 1095 416 na
1143 366 1522 423 oren-ons,
1570 367 1652 416 ιι.
1697 351 1806 416 67.
2322 352 2498 419 1083

300 525 382 583 ut
406 536 561 582 cum
591 514 947 580 Africanus
978 532 1225 579 censor.
1245 512 1426 577 tribu
1454 511 1774 576 movebat
1813 530 1965 576 eum
1997 513 2493 594 centurionem,³¹

302 622 421 705 qui
469 622 539 687 in
583 619 783 694 Pauli
823 616 1088 702 pugua‘¹
1132 636 1263 682 non
1313 615 1619 694 affuerat,
1668 636 1821 680 cum
1866 616 2106 681 ille-se
2164 619 2495 685 custodiae

304 722 604 789 causa·⁸
650 722 901 786 diceret
929 722 998 785 in
1029 720 1270 784 castris
1299 720 1726 798 remansisse,
1773 727 2234 803 quaereretque
2265 741 2386 785 cur
2413 723 2498 787 ab

301 847 386 892 eo
445 824 863 904 notaretur3⁸
907 828 928 858 ‘
957 819 1106 894 Non
1156 819 1358 898 amo,'
1421 819 1661 904 inquit,
1726 828 1743 854 ‘
1770 820 2046 885 nimium
2106 820 2502 903 diligentes!

300 929 455 994 273.
501 925 793 991 Acutum
840 925 1046 989 etiam
1084 923 1253 989 illud
1291 928 1415 999 est,
1457 942 1609 986 cum
1632 929 1661 973 ⁹
1706 942 1794 987 ex
1833 922 2105 987 alterius
2154 924 2500 990 oratione⁸

246 1100 250 1108 ,
304 1029 493 1095 aliud
525 1029 878 1111 excipias:
922 1034 1126 1111 atque
1168 1027 1284 1090 ille
1315 1025 1498 1100 vult3
1544 1031 1619 1090 ut
1647 1025 2011 1090 Salinatori
2034 1022 2055 1059 ¹'
2094 1024 2501 1104 MaximuS,⁸

304 1128 868 1209 cum,.Tarento¹¹
916 1133 1192 1207 amisso,
1243 1148 1463 1194 arcem
1508 1134 1726 1192 tamen
1777 1128 2015 1193 Livius
2069 1129 2504 1210 retinuisset,‘¹

300 1235 650 1318 multaque
703 1252 790 1296 ex
822 1253 906 1296 ea
935 1232 1168 1315 praelia
1197 1231 1526 1314 praeclara
1552 1229 1849 1303 fecisset,
1879 1251 2031 1296 cum
2063 1231 2318 1315 aliquot
2347 1241 2503 1316 post

303 1356 512 1402 annos
563 1335 911 1400 Maximus
961 1335 1034 1398 id
1080 1334 1400 1418 oppidum
1455 1335 1852 1416 recepisset,
1914 1341 2307 1419 rogaretque
2350 1356 2500 1401 eum

303 1440 662 1514 Salinator,
692 1444 766 1501 ut
788 1438 1218 1514 meminisset,
1247 1455 1449 1520 opera
1478 1456 1605 1523 sua
1634 1456 1708 1500 se
1735 1436 2097 1501 Tarentum
2120 1440 2499 1521 recepisse;

304 1547 325 1578 ‘
348 1540 647 1621 Quidni,’
677 1540 912 1624 inquit,
947 1545 965 1575 ‘
985 1539 1429 1605 meminerim?
1459 1558 1798 1624 nunquam
1823 1540 1997 1604 enim
2016 1541 2500 1625 recepissem,¹⁰

1176 1664 1189 1693 Ι

367 1738 709 1789 *Ρνίυοὸαε
679 1756 794 1802 jure
811 1741 1041 1806 suffragii
1060 1757 1166 1792 em
1185 1740 1358 1791 ceteris
1375 1740 1556 1800 civibus
1575 1740 1788 1799 serendi,
1810 1746 1860 1792 et
1882 1741 1997 1803 jure
2017 1741 2258 1792 ciuitatis.

372 1804 503 1853 ⁸Ut
520 1807 779 1855 custodiret
799 1812 975 1856 costra.
1167 1803 1189 1839 ὃ
1220 1795 1494 1884 Ignominia
1515 1808 1798 1872 afficeretur.
1988 1808 2293 1857 Resumos.

367 1867 395 1902 ⁴
433 1870 554 1919 Cum
576 1871 748 1920 Livius
768 1871 1016 1922 Salinator
1035 1872 1148 1960 urbs
1167 1873 1340 1921 omissa
1359 1872 1410 1920 in
1429 1885 1587 1948 arcem
1605 1872 1897 1966 confugisset
1916 1886 2109 1937 eamque
2128 1876 2380 1922 servasset·

1215 2014 1274 2035 00
1278 2009 1453 2036 ἄνθη
1457 2013 1579 2035 ‘m

304 2121 419 2186 quis
443 2136 529 2185 ap.
551 2122 725 2172 Lamb.
729 2127 825 2173 -7
859 2122 1038 2174 Guelf.
1060 2127 1108 2172 2.
1124 2128 1179 2186 3.
1212 2140 1264 2175 se
1284 2140 1360 2175 res
1378 2126 1533 2176 habet.
1536 2130 1632 2176 -8
1666 2127 1793 2175 Voc·
1814 2141 1954 2176 causa
1972 2123 2161 2173 deest
2148 2138 2197 2173 ru
2230 2127 2283 2187 ψ,
2330 2131 2388 2173 ut
2413 2138 2502 2173 vo·

304 2188 479 2238 luerat
505 2188 739 2251 Lipsius.
778 2191 1010 2238 custodem
1035 2191 1211 2239 diceret
1233 2207 1362 2240 uuus
1385 2191 1552 2241 codex
1568 2206 1651 2253 ap.
1672 2192 1854 2241 Lamb.
1861 2195 1955 2239 -9
1988 2191 2138 2240 Mun.
2158 2189 2293 2252 conj.
2315 2194 2363 2238 et
2383 2204 2506 2238 eum.

305 2257 438 2301 -10
475 2252 564 2301 Co
567 2254 637 2302 ld
663 2254 917 2318 plerique,
940 2255 1026 2303 ed.
1045 2270 1087 2302 s.
1107 2256 1142 2304 l.
1165 2263 1289 2306 eta.
1315 2257 1464 2307 Junt·
1499 2258 1644 2307 Crat.
1679 2257 1826 2308 Man.
1860 2257 2035 2306 Streb.
2060 2254 2241 2304 Lamb.
2262 2269 2503 2316 nunquam

302 2331 390 2380 ego
409 2319 719 2381 recepissem,
753 2333 882 2368 unus
906 2319 1071 2369 codex
1096 2335 1179 2384 ap.
1198 2321 1363 2372 Orell.
1383 2337 1623 2386 nunquam
1641 2322 1767 2371 enim
1788 2327 1835 2371 et
1856 2336 1952 2372 ree.
2020 2321 2168 2384 Mox,
2187 2325 2242 2370 tn
2262 2320 2504 2370 amisisses

1292 2475 1506 2527 NOTA-3

369 2575 394 2610 δ
427 2577 489 2627 In
507 2578 653 2629 Pauli
670 2580 860 2645 pugna]
891 2580 971 2629 De
987 2579 1159 2641 clade,
1178 2589 1237 2630 ut
1252 2581 1362 2644 opi·

244 2674 251 2679 ·
304 2669 422 2718 nor,
446 2655 699 2705 Cannensi
736 2657 978 2721 loquitur,
1001 2673 1104 2722 qua
1131 2658 1190 2707 1..
1213 2659 1362 2708 AEmi·

302 2732 408 2789 lius
430 2733 624 2781 Paulus
645 2733 709 2782 sd
734 2735 933 2784 Cannas
954 2749 1069 2784 cum
1106 2734 1358 2783 Romano-

303 2823 417 2857 rum
440 2806 567 2857 flore
590 2809 776 2859 misere
810 2811 964 2872 periit
989 2809 1052 2860 Α.
1076 2811 1141 2860 U.
1165 2812 1224 2860 C.
1247 2814 1362 2860 538.

304 2884 691 2948 Septemdecim
739 2895 856 2950 post
897 2888 1043 2936 annis
1091 2901 1361 2936 censuram

305 2960 444 3011 obiit
486 2959 784 3023 Africanus,
818 2978 918 3028 quo
956 2973 1190 3028 tempore
1225 2964 1363 3014 ultor

303 3037 530 3101 ignavia
552 3041 904 3089 centurionem
929 3042 1068 3091 tribu
1089 3041 1266 3090 movit.

371 3122 395 3147 θ
431 3116 551 3162 Cum
565 3129 628 3164 ex
641 3116 839 3166 alterius
854 3117 1092 3184 oratione]
1126 3119 1361 3169 Ciceroni

295 3191 533 3255 jocorum
571 3193 749 3255 lepore
785 3208 846 3242 ae
880 3193 1175 3259 frequentia
1212 3211 1362 3246 nemo

306 3267 701 3330 comparandus,
716 3275 791 3317 tot
817 3283 880 3317 ex
905 3271 1043 3320 omni
1058 3269 1362 3322 facetiarum

306 3357 499 3406 genere
514 3358 644 3392 unns
661 3344 900 3409 exempla
913 3345 1151 3396 sufficere
1170 3355 1366 3411 potest.

308 3418 475 3469 Quam
513 3420 722 3480 elegans
753 3429 835 3471 est
862 3421 986 3471 iliud
1021 3423 1070 3471 in
1094 3423 1360 3473 Clodium!

305 3503 324 3527 ⁶
339 3495 414 3545 At
435 3511 548 3561 qnae
574 3497 690 3546 Dea
710 3499 823 3547 est?
862 3498 1061 3548 Bonam
1080 3513 1195 3549 esse
1212 3514 1364 3563 opor·

306 3579 406 3628 tet,
438 3573 852 3638 quandoquidem
891 3583 972 3631 est
1003 3576 1096 3625 abs
1132 3584 1185 3627 te
1219 3577 1364 3626 dedi-

307 3658 442 3699 cats.
526 3649 782 3714 Libertas,
823 3651 1013 3714 inquit,
1056 3660 1156 3703 est.
1235 3654 1365 3702 Eam

309 3735 366 3776 tu
405 3727 563 3791 igitur
596 3726 734 3778 domi
756 3742 884 3777 meae
906 3728 1191 3792 collocasti,
1212 3743 1362 3793 quam

308 3817 375 3853 ex
409 3804 538 3853 urbe
570 3811 677 3854 tota
707 3804 980 3856 sustulisti.
983 3803 999 3826 ²
1062 3804 1168 3855 Pro
1191 3807 1364 3856 Domo

308 3895 422 3930 sna.

308 3974 335 3989 ·=
377 3953 398 3988 ¹
423 3955 712 4022 Salinatori]
748 3957 971 4020 Primus,
998 3963 1137 4006 teste
1169 3958 1362 4019 Plinio,

307 4030 532 4095 vectigal
555 4046 620 4081 ex
644 4035 829 4081 salaria
848 4046 1050 4082 annona
1072 4033 1367 4084 instituerat

309 4106 490 4157 Ancus
522 4109 747 4158 Martius
784 4106 1128 4159 Romanorum
1153 4117 1366 4174 quartus

308 4198 425 4241 rex,
468 4172 559 4237 sed
601 4184 823 4249 expulsis
864 4186 1071 4249 regibus
1109 4187 1364 4236 sublatum

310 4259 501 4310 fuerat.
565 4261 734 4311 Multo
758 4268 897 4325 post,
918 4275 1102 4326 nempe
1126 4260 1192 4311 A.
1218 4263 1284 4312 U.
1307 4261 1365 4313 C.

1442 2586 1560 2632 550.
1572 2588 1693 2630 ante
1713 2580 1833 2630 Cirr.
1844 2585 1958 2631 204.
1975 2594 2211 2630 censores
2232 2580 2308 2630 M.
2325 2579 2501 2630 Livius

1443 2666 1500 2706 et
1536 2658 1596 2707 C.
1629 2657 1875 2706 Claudius
1910 2656 2037 2706 iilud
2073 2658 2367 2706 restituere.
2417 2655 2501 2709 ,Μ

1441 2740 1786 2783 commentum
1834 2732 2049 2782 alterum
2092 2747 2159 2780 ex
2191 2725 2502 2781 'censoribus

1443 2810 1570 2859 satis
1592 2809 1898 2868 credebant,
1922 2808 2116 2871 populo
2141 2807 2501 2872 iratum,quod

1441 2886 1617 2951 iniquo
1632 2885 2106 2949 judicio-quondam
2132 2885 2403 2935 damnatus
2420 2900 2501 2934 es·

1443 2969 1543 3010 set.
1607 2960 1741 3011 Inde
1776 2960 2055 3010 Salinatori
2095 2961 2245 3010 Livio
2279 2960 2500 3011 inditum

1443 3053 1750 3101 cognomen,
1770 3036 1907 3103 quod
1945 3033 2101 3087 etiam
2135 3040 2184 3086 in
2215 3038 2330 3101 ejus
2352 3036 2503 3087 fami-

1441 3116 1562 3165 liam
1588 3116 1812 3165 transiit.
1862 3113 2039 3164 Livius
2060 3115 2097 3164 1.
2113 3128 2283 3164 xxix.
2334 3114 2508 3164 Paulo¹

1442 3200 1565 3242 ante
1588 3197 1812 3257 praeerat
1830 3192 2058 3240 Tarento
2079 3191 2276 3254 Livius,
2300 3196 2359 3241 ut
2380 3206 2503 3241 con-

1432 3269 1664 3332 jicimus,
1697 3276 1915 3333 eratque
1950 3269 2231 3333 praefectus
2268 3271 2376 3327 ille,
2414 3270 2502 3335 qui

1444 3345 1625 3395 audito
1647 3345 1845 3395 insidiis
1871 3345 2174 3395 Hannibalis
2192 3347 2368 3396 urbem
2386 3361 2502 3398 esse

1443 3428 1673 3484 captam,
1715 3423 1767 3470 in
1815 3436 1982 3470 arcem
2029 3423 2313 3485 peninsulae
2357 3436 2502 3473 more

1445 3499 1634 3561 partim
1668 3499 1794 3547 mari
1834 3498 2017 3560 partim
2041 3498 2252 3560 rupibus
2274 3499 2501 3550 cinctam

1444 3573 1701 3638 confugit,
1735 3573 1870 3639 quod
1907 3572 2023 3624 fuse
2061 3573 2225 3623 refert
2257 3574 2431 3625 Livius
2465 3578 2499 3624 Ι.
2533 3598 2536 3601 ’

1444 3664 1582 3702 xxv,
1647 3650 1713 3700 Id
1749 3650 1924 3701 evenit
1958 3650 2022 3699 Α.
2041 3650 2108 3699 U.
2133 3649 2192 3700 C.
2224 3655 2340 3700 545.
2379 3657 2503 3701 ants

1445 3728 1568 3778 Chr.
1589 3732 1705 3778 209.
2255 3780 2258 3785 ,

1508 3812 1536 3847 ⁸
1555 3804 1830 3868 Maximus]
1851 3804 1917 3856 Q.
1930 3802 2129 3853 scilicet
2144 3802 2332 3853 Fabius
2349 3802 2502 3854 Max·

1442 3881 1574 3930 imus
1609 3882 1953 3938 Verrucosus,
1973 3881 2058 3945 qui
2095 3888 2201 3930 tum
2233 3887 2350 3930 erat
2382 3893 2503 3931 con·

1443 3959 1541 4019 sul,
1559 3973 1676 4008 cnm
1700 3964 2066 4022 strategemate
2083 3956 2285 4008 Punico
2306 3958 2501 4009 Taren-

1445 4040 1553 4083 tum
1577 4042 1655 4083 est
1677 4042 2047 4097 expugnaturus

1507 4107 1532 4142 Ι·
1570 4108 1795 4179 Tarento]
1815 4109 2096 4159 Tarentum
2111 4110 2233 4178 urbs
2247 4106 2501 4161 Calabria

1442 4185 1497 4236 in
1517 4186 1712 4250 Magna
1735 4184 1973 4246 Graecia3
2007 4200 2146 4237 nunc
2172 4186 2391 4237 Parente.
2451 4210 2454 4213 1
