<?xml version="1.0" encoding="UTF-8"?>
<!DOCTYPE html PUBLIC "-//W3C//DTD XHTML 1.0 Transitional//EN"
    "http://www.w3.org/TR/xhtml1/DTD/xhtml1-transitional.dtd">
<html xmlns="http://www.w3.org/1999/xhtml" xml:lang="en" lang="en">
 <head>
  <title>
</title>
<meta http-equiv="Content-Type" content="text/html;charset=utf-8" />
  <meta name='ocr-system' content='tesseract 3.04.00' />
  <meta name='ocr-capabilities' content='ocr_page ocr_carea ocr_par ocr_line ocrx_word'/>
</head>
<body>
  <div class='ocr_page' id='page_1' title='image "./clavisciceronia01ernegoog_0500.png"; bbox 0 0 3020 4942; ppageno 0'>
   <div class='ocr_carea' id='block_1_1' title="bbox 534 349 1957 416">
    <p class='ocr_par' dir='ltr' id='par_1_1' title="bbox 534 349 1957 416">
     <span class='ocr_line' id='line_1_1' title="bbox 534 349 1957 416; baseline -0.005 0"><span class='ocrx_word' id='word_1_1' title='bbox 534 349 707 416; x_wconf 75' lang='lat'>1072</span> <span class='ocrx_word' id='word_1_2' title='bbox 1314 361 1391 408; x_wconf 82' lang='lat' dir='ltr'><strong>M.</strong></span> <span class='ocrx_word' id='word_1_3' title='bbox 1438 362 1507 409; x_wconf 72' lang='grc' dir='ltr'><strong>τ.</strong></span> <span class='ocrx_word' id='word_1_4' title='bbox 1553 360 1957 410; x_wconf 73' lang='lat' dir='ltr'><strong>cucssuoms</strong></span> 
     </span>
    </p>
   </div>
   <div class='ocr_carea' id='block_1_2' title="bbox 532 502 2770 1725">
    <p class='ocr_par' dir='ltr' id='par_1_2' title="bbox 532 502 2770 1725">
     <span class='ocr_line' id='line_1_2' title="bbox 532 502 2729 592; baseline -0.005 -17"><span class='ocrx_word' id='word_1_5' title='bbox 532 519 700 587; x_wconf 88' lang='lat' dir='ltr'><strong>tum,</strong></span> <span class='ocrx_word' id='word_1_6' title='bbox 725 507 954 573; x_wconf 80' lang='lat' dir='ltr'><strong>Graeci</strong></span> <span class='ocrx_word' id='word_1_7' title='bbox 982 514 1232 572; x_wconf 85' lang='lat' dir='ltr'><strong>vocant</strong></span> <span class='ocrx_word' id='word_1_8' title='bbox 1259 502 1728 592; x_wconf 57' lang='lat' dir='ltr'><strong>tumefacto-lav}</strong></span> <span class='ocrx_word' id='word_1_9' title='bbox 1758 510 1830 569; x_wconf 92' lang='lat' dir='ltr'><strong>ut</strong></span> <span class='ocrx_word' id='word_1_10' title='bbox 1869 508 1890 538; x_wconf 89' lang='lat'>‘</span> <span class='ocrx_word' id='word_1_11' title='bbox 1910 502 1980 568; x_wconf 91' lang='grc' dir='ltr'><strong>Ν</strong></span> <span class='ocrx_word' id='word_1_12' title='bbox 1984 503 2389 582; x_wconf 88' lang='lat' dir='ltr'><strong>obiliorem,¹¹</strong></span> <span class='ocrx_word' id='word_1_13' title='bbox 2435 502 2729 567; x_wconf 85' lang='lat' dir='ltr'><strong>mobilio-</strong></span> 
     </span>
     <span class='ocr_line' id='line_1_3' title="bbox 532 605 2735 688; baseline -0.004 -10"><span class='ocrx_word' id='word_1_14' title='bbox 532 633 673 678; x_wconf 90' lang='lat' dir='ltr'><strong>rem</strong></span> <span class='ocrx_word' id='word_1_15' title='bbox 701 609 717 637; x_wconf 89' lang='lat'>’</span> <span class='ocrx_word' id='word_1_16' title='bbox 763 609 968 676; x_wconf 87' lang='lat' dir='ltr'><strong>Cato:</strong></span> <span class='ocrx_word' id='word_1_17' title='bbox 1015 616 1154 688; x_wconf 89' lang='lat' dir='ltr'><strong>aut,</strong></span> <span class='ocrx_word' id='word_1_18' title='bbox 1202 619 1277 675; x_wconf 91' lang='lat' dir='ltr'><strong>ut</strong></span> <span class='ocrx_word' id='word_1_19' title='bbox 1320 610 1523 683; x_wconf 91' lang='lat' dir='ltr'><strong>idem,</strong></span> <span class='ocrx_word' id='word_1_20' title='bbox 1567 629 1718 674; x_wconf 90' lang='lat' dir='ltr'><strong>cum</strong></span> <span class='ocrx_word' id='word_1_21' title='bbox 1763 607 2031 672; x_wconf 87' lang='lat' dir='ltr'><strong>cuidam</strong></span> <span class='ocrx_word' id='word_1_22' title='bbox 2076 606 2391 684; x_wconf 82' lang='lat' dir='ltr'><strong>dixisset,</strong></span> <span class='ocrx_word' id='word_1_23' title='bbox 2439 610 2461 639; x_wconf 93' lang='lat'>‘</span> <span class='ocrx_word' id='word_1_24' title='bbox 2489 605 2735 671; x_wconf 83' lang='lat' dir='ltr'><strong>Eamus</strong></span> 
     </span>
     <span class='ocr_line' id='line_1_4' title="bbox 537 709 2737 796; baseline -0.004 -15"><span class='ocrx_word' id='word_1_25' title='bbox 537 714 1039 781; x_wconf 82' lang='lat' dir='ltr'><strong>deambulatum</strong></span> <span class='ocrx_word' id='word_1_26' title='bbox 1066 711 1109 795; x_wconf 74' lang='grc' dir='ltr'><strong>ς’</strong></span> <span class='ocrx_word' id='word_1_27' title='bbox 1153 720 1219 777; x_wconf 90' lang='lat' dir='ltr'><strong>et</strong></span> <span class='ocrx_word' id='word_1_28' title='bbox 1253 713 1387 788; x_wconf 89' lang='lat' dir='ltr'><strong>ille,</strong></span> <span class='ocrx_word' id='word_1_29' title='bbox 1439 716 1460 746; x_wconf 89' lang='lat'>‘</span> <span class='ocrx_word' id='word_1_30' title='bbox 1482 711 1668 792; x_wconf 84' lang='lat' dir='ltr'>Quid</span> <span class='ocrx_word' id='word_1_31' title='bbox 1711 732 1885 796; x_wconf 89' lang='lat' dir='ltr'><strong>opus</strong></span> <span class='ocrx_word' id='word_1_32' title='bbox 1916 711 2043 775; x_wconf 84' lang='lat' dir='ltr'><strong>suit</strong></span> <span class='ocrx_word' id='word_1_33' title='bbox 2086 709 2172 774; x_wconf 91' lang='lat' dir='ltr'><strong>de</strong></span> <span class='ocrx_word' id='word_1_34' title='bbox 2200 709 2251 772; x_wconf 77' lang='lat' dir='ltr'><strong>&#39;l&#39;</strong></span> <span class='ocrx_word' id='word_1_35' title='bbox 2341 714 2362 746; x_wconf 91' lang='lat'>‘</span> <span class='ocrx_word' id='word_1_36' title='bbox 2384 710 2607 775; x_wconf 91' lang='lat' dir='ltr'><strong>Immo</strong></span> <span class='ocrx_word' id='word_1_37' title='bbox 2640 731 2737 775; x_wconf 88' lang='lat' dir='ltr'><strong>ve-</strong></span> 
     </span>
     <span class='ocr_line' id='line_1_5' title="bbox 537 812 2743 900; baseline -0.003 -16"><span class='ocrx_word' id='word_1_38' title='bbox 537 817 660 893; x_wconf 89' lang='lat' dir='ltr'><strong>ro,’</strong></span> <span class='ocrx_word' id='word_1_39' title='bbox 702 816 941 900; x_wconf 92' lang='lat' dir='ltr'><strong>inquit,</strong></span> <span class='ocrx_word' id='word_1_40' title='bbox 987 821 1009 850; x_wconf 93' lang='lat'>‘</span> <span class='ocrx_word' id='word_1_41' title='bbox 1032 815 1195 900; x_wconf 86' lang='lat' dir='ltr'><strong>quid</strong></span> <span class='ocrx_word' id='word_1_42' title='bbox 1227 835 1404 899; x_wconf 86' lang='lat' dir='ltr'><strong>opus</strong></span> <span class='ocrx_word' id='word_1_43' title='bbox 1427 813 1555 879; x_wconf 86' lang='lat' dir='ltr'><strong>fuit</strong></span> <span class='ocrx_word' id='word_1_44' title='bbox 1584 827 1651 879; x_wconf 88' lang='lat' dir='ltr'><strong>te</strong></span> <span class='ocrx_word' id='word_1_45' title='bbox 1663 812 1715 878; x_wconf 79' lang='lat' dir='ltr'><strong>&#39;l’</strong></span> <span class='ocrx_word' id='word_1_46' title='bbox 1744 820 1862 878; x_wconf 88' lang='lat' dir='ltr'><strong>aut</strong></span> <span class='ocrx_word' id='word_1_47' title='bbox 1879 813 2176 899; x_wconf 75' lang='lat' dir='ltr'><strong>eiusdem</strong></span> <span class='ocrx_word' id='word_1_48' title='bbox 2210 816 2570 897; x_wconf 83' lang='lat' dir='ltr'>responsio</span> <span class='ocrx_word' id='word_1_49' title='bbox 2605 814 2743 890; x_wconf 89' lang='lat' dir='ltr'><strong>illa,</strong></span> 
     </span>
     <span class='ocr_line' id='line_1_6' title="bbox 537 915 2745 1000; baseline -0.003 -14"><span class='ocrx_word' id='word_1_50' title='bbox 537 926 557 958; x_wconf 89' lang='lat'>‘</span> <span class='ocrx_word' id='word_1_51' title='bbox 576 921 654 986; x_wconf 93' lang='lat' dir='ltr'><strong>Si</strong></span> <span class='ocrx_word' id='word_1_52' title='bbox 681 929 753 986; x_wconf 93' lang='lat' dir='ltr'><strong>tu</strong></span> <span class='ocrx_word' id='word_1_53' title='bbox 781 928 850 984; x_wconf 93' lang='lat' dir='ltr'><strong>et</strong></span> <span class='ocrx_word' id='word_1_54' title='bbox 873 920 1225 996; x_wconf 76' lang='lat' dir='ltr'><strong>adversuS,</strong></span> <span class='ocrx_word' id='word_1_55' title='bbox 1247 928 1318 983; x_wconf 89' lang='lat' dir='ltr'><strong>et</strong></span> <span class='ocrx_word' id='word_1_56' title='bbox 1347 930 1646 993; x_wconf 77' lang='lat' dir='ltr'><strong>aversuS,</strong></span> <span class='ocrx_word' id='word_1_57' title='bbox 1671 917 2054 1000; x_wconf 85' lang='lat' dir='ltr'><strong>impudicus</strong></span> <span class='ocrx_word' id='word_1_58' title='bbox 2086 916 2205 981; x_wconf 89' lang='lat' dir='ltr'><strong>es.&#39;</strong></span> <span class='ocrx_word' id='word_1_59' title='bbox 2223 927 2264 954; x_wconf 74' lang='lat'><strong>”⁸</strong></span> <span class='ocrx_word' id='word_1_60' title='bbox 2333 918 2487 981; x_wconf 73' lang='lat'><strong>257.</strong></span> <span class='ocrx_word' id='word_1_61' title='bbox 2525 915 2745 980; x_wconf 88' lang='lat' dir='ltr'><strong>Etiam</strong></span> 
     </span>
     <span class='ocr_line' id='line_1_7' title="bbox 538 1018 2747 1107; baseline -0.004 -19"><span class='ocrx_word' id='word_1_62' title='bbox 538 1022 999 1107; x_wconf 83' lang='lat' dir='ltr'>interpretatio</span> <span class='ocrx_word' id='word_1_63' title='bbox 1047 1022 1390 1086; x_wconf 85' lang='lat' dir='ltr'><strong>nominis0</strong></span> <span class='ocrx_word' id='word_1_64' title='bbox 1440 1021 1645 1085; x_wconf 89' lang='lat' dir='ltr'><strong>habet</strong></span> <span class='ocrx_word' id='word_1_65' title='bbox 1690 1039 1996 1098; x_wconf 79' lang='lat' dir='ltr'><strong>acumen,</strong></span> <span class='ocrx_word' id='word_1_66' title='bbox 2041 1040 2196 1084; x_wconf 92' lang='lat' dir='ltr'><strong>cum</strong></span> <span class='ocrx_word' id='word_1_67' title='bbox 2246 1019 2333 1083; x_wconf 86' lang='lat' dir='ltr'><strong>ad</strong></span> <span class='ocrx_word' id='word_1_68' title='bbox 2392 1018 2747 1084; x_wconf 88' lang='lat' dir='ltr'><strong>ridiculum</strong></span> 
     </span>
     <span class='ocr_line' id='line_1_8' title="bbox 539 1125 2745 1210; baseline -0.004 -19"><span class='ocrx_word' id='word_1_69' title='bbox 539 1133 920 1204; x_wconf 59' lang='lat' dir='ltr'><strong>convertar„</strong></span> <span class='ocrx_word' id='word_1_70' title='bbox 972 1126 1410 1210; x_wconf 88' lang='lat' dir='ltr'><strong>quamobrem</strong></span> <span class='ocrx_word' id='word_1_71' title='bbox 1452 1125 1553 1189; x_wconf 91' lang='lat' dir='ltr'><strong>ita</strong></span> <span class='ocrx_word' id='word_1_72' title='bbox 1587 1125 1749 1208; x_wconf 80' lang='lat' dir='ltr'><strong>‘quis</strong></span> <span class='ocrx_word' id='word_1_73' title='bbox 1801 1130 2168 1203; x_wconf 83' lang='lat' dir='ltr'><strong>vocetur;’⁸</strong></span> <span class='ocrx_word' id='word_1_74' title='bbox 2225 1129 2299 1187; x_wconf 91' lang='lat' dir='ltr'><strong>ut</strong></span> <span class='ocrx_word' id='word_1_75' title='bbox 2335 1142 2477 1205; x_wconf 83' lang='lat' dir='ltr'><strong>ego</strong></span> <span class='ocrx_word' id='word_1_76' title='bbox 2511 1133 2745 1204; x_wconf 82' lang='lat' dir='ltr'><strong>nuper,</strong></span> 
     </span>
     <span class='ocr_line' id='line_1_9' title="bbox 541 1223 2770 1310; baseline -0.004 -15"><span class='ocrx_word' id='word_1_77' title='bbox 541 1228 988 1298; x_wconf 65' lang='lat' dir='ltr'><strong>Nummium?</strong></span> <span class='ocrx_word' id='word_1_78' title='bbox 1049 1227 1428 1305; x_wconf 84' lang='lat' dir='ltr'><strong>divisorem,</strong></span> <span class='ocrx_word' id='word_1_79' title='bbox 1491 1233 1566 1290; x_wconf 90' lang='lat' dir='ltr'><strong>ut</strong></span> <span class='ocrx_word' id='word_1_80' title='bbox 1609 1225 2146 1310; x_wconf 88' lang='lat' dir='ltr'><strong>Neoptolemum</strong></span> <span class='ocrx_word' id='word_1_81' title='bbox 2183 1225 2270 1291; x_wconf 89' lang='lat' dir='ltr'><strong>ad</strong></span> <span class='ocrx_word' id='word_1_82' title='bbox 2308 1224 2618 1308; x_wconf 87' lang='lat' dir='ltr'><strong>Trojam,</strong></span> <span class='ocrx_word' id='word_1_83' title='bbox 2656 1223 2770 1287; x_wconf 85' lang='lat' dir='ltr'><strong>sic·</strong></span> 
     </span>
     <span class='ocr_line' id='line_1_10' title="bbox 539 1320 2747 1415; baseline -0.003 -20"><span class='ocrx_word' id='word_1_84' title='bbox 539 1331 727 1395; x_wconf 86' lang='lat' dir='ltr'><strong>illum</strong></span> <span class='ocrx_word' id='word_1_85' title='bbox 780 1331 850 1394; x_wconf 91' lang='lat' dir='ltr'><strong>in</strong></span> <span class='ocrx_word' id='word_1_86' title='bbox 897 1349 1141 1415; x_wconf 87' lang='lat' dir='ltr'><strong>campo</strong></span> <span class='ocrx_word' id='word_1_87' title='bbox 1197 1320 1451 1395; x_wconf 78' lang='lat' dir='ltr'><strong>Martio</strong></span> <span class='ocrx_word' id='word_1_88' title='bbox 1501 1349 1747 1393; x_wconf 91' lang='lat' dir='ltr'><strong>nomen</strong></span> <span class='ocrx_word' id='word_1_89' title='bbox 1801 1329 2161 1393; x_wconf 76' lang='lat' dir='ltr'><strong>invenisse.</strong></span> <span class='ocrx_word' id='word_1_90' title='bbox 2258 1344 2479 1394; x_wconf 63' lang='lat' dir='ltr'><strong>uxr-v,</strong></span> <span class='ocrx_word' id='word_1_91' title='bbox 2526 1325 2747 1410; x_wconf 83' lang='lat' dir='ltr'><strong>Atque</strong></span> 
     </span>
     <span class='ocr_line' id='line_1_11' title="bbox 540 1430 2750 1515; baseline -0.002 -18"><span class='ocrx_word' id='word_1_92' title='bbox 540 1433 692 1499; x_wconf 82' lang='lat' dir='ltr'><strong>haec</strong></span> <span class='ocrx_word' id='word_1_93' title='bbox 743 1436 968 1499; x_wconf 86' lang='lat' dir='ltr'><strong>omnia</strong></span> <span class='ocrx_word' id='word_1_94' title='bbox 1011 1435 1216 1498; x_wconf 86' lang='lat' dir='ltr'><strong>verbo</strong></span> <span class='ocrx_word' id='word_1_95' title='bbox 1258 1433 1692 1498; x_wconf 88' lang='lat' dir='ltr'><strong>continentur.</strong></span> <span class='ocrx_word' id='word_1_96' title='bbox 1757 1432 1983 1515; x_wconf 73' lang='lat' dir='ltr'><strong>Saepe</strong></span> <span class='ocrx_word' id='word_1_97' title='bbox 2025 1432 2228 1497; x_wconf 91' lang='lat' dir='ltr'><strong>etiam</strong></span> <span class='ocrx_word' id='word_1_98' title='bbox 2258 1450 2495 1495; x_wconf 86' lang='lat' dir='ltr'><strong>versus</strong></span> <span class='ocrx_word' id='word_1_99' title='bbox 2535 1430 2750 1494; x_wconf 83' lang='lat' dir='ltr'><strong>facete</strong></span> 
     </span>
     <span class='ocr_line' id='line_1_12' title="bbox 541 1529 2751 1622; baseline -0.003 -22"><span class='ocrx_word' id='word_1_100' title='bbox 541 1537 1008 1622; x_wconf 85' lang='lat' dir='ltr'><strong>interponitur,</strong></span> <span class='ocrx_word' id='word_1_101' title='bbox 1035 1538 1250 1602; x_wconf 87' lang='lat' dir='ltr'><strong>velut</strong></span> <span class='ocrx_word' id='word_1_102' title='bbox 1285 1545 1436 1613; x_wconf 69' lang='lat' dir='ltr'><strong>est:</strong></span> <span class='ocrx_word' id='word_1_103' title='bbox 1472 1537 1586 1601; x_wconf 85' lang='lat' dir='ltr'><strong>vel</strong></span> <span class='ocrx_word' id='word_1_104' title='bbox 1609 1536 1956 1621; x_wconf 85' lang='lat' dir='ltr'><strong>paululum</strong></span> <span class='ocrx_word' id='word_1_105' title='bbox 1998 1535 2431 1613; x_wconf 79' lang='lat' dir='ltr'><strong>immutatus3</strong></span> <span class='ocrx_word' id='word_1_106' title='bbox 2488 1537 2609 1596; x_wconf 87' lang='lat' dir='ltr'><strong>aut</strong></span> <span class='ocrx_word' id='word_1_107' title='bbox 2637 1529 2751 1595; x_wconf 83' lang='lat' dir='ltr'><strong>ali·</strong></span> 
     </span>
     <span class='ocr_line' id='line_1_13' title="bbox 543 1635 2748 1725; baseline -0.005 -19"><span class='ocrx_word' id='word_1_108' title='bbox 543 1658 685 1723; x_wconf 88' lang='lat' dir='ltr'><strong>qua</strong></span> <span class='ocrx_word' id='word_1_109' title='bbox 742 1659 899 1725; x_wconf 88' lang='lat' dir='ltr'><strong>pars</strong></span> <span class='ocrx_word' id='word_1_110' title='bbox 937 1660 1191 1719; x_wconf 74' lang='lat' dir='ltr'><strong>versae,</strong></span> <span class='ocrx_word' id='word_1_111' title='bbox 1238 1648 1311 1706; x_wconf 91' lang='lat' dir='ltr'><strong>ut</strong></span> <span class='ocrx_word' id='word_1_112' title='bbox 1355 1640 1621 1706; x_wconf 82' lang='lat' dir='ltr'><strong>Statius</strong></span> <span class='ocrx_word' id='word_1_113' title='bbox 1672 1640 1933 1705; x_wconf 87' lang='lat' dir='ltr'><strong>Scauro</strong></span> <span class='ocrx_word' id='word_1_114' title='bbox 1956 1646 1974 1676; x_wconf 87' lang='lat'>¹</span> <span class='ocrx_word' id='word_1_115' title='bbox 1998 1646 2023 1685; x_wconf 80' lang='lat'><strong>‘¹</strong></span> <span class='ocrx_word' id='word_1_116' title='bbox 2088 1635 2537 1702; x_wconf 80' lang='lat' dir='ltr'><strong>stomachanti</strong></span> <span class='ocrx_word' id='word_1_117' title='bbox 2560 1644 2627 1714; x_wconf 63' lang='grc' dir='ltr'><strong>ς’</strong></span> <span class='ocrx_word' id='word_1_118' title='bbox 2669 1651 2748 1697; x_wconf 88' lang='lat' dir='ltr'><strong>ex</strong></span> 
     </span>
    </p>
   </div>
   <div class='ocr_carea' id='block_1_3' title="bbox 550 1883 2752 2065">
    <p class='ocr_par' dir='ltr' id='par_1_3' title="bbox 550 1883 2752 2065">
     <span class='ocr_line' id='line_1_14' title="bbox 608 1883 2371 1947; baseline -0.003 -10"><span class='ocrx_word' id='word_1_119' title='bbox 608 1885 628 1917; x_wconf 80' lang='lat'><em>¹</em></span> <span class='ocrx_word' id='word_1_120' title='bbox 670 1886 839 1937; x_wconf 82' lang='lat' dir='ltr'><strong>Vocem</strong></span> <span class='ocrx_word' id='word_1_121' title='bbox 861 1886 1005 1935; x_wconf 78' lang='lat' dir='ltr'><strong>alteri</strong></span> <span class='ocrx_word' id='word_1_122' title='bbox 1025 1887 1128 1936; x_wconf 80' lang='lat' dir='ltr'><strong>voci</strong></span> <span class='ocrx_word' id='word_1_123' title='bbox 1148 1885 1366 1935; x_wconf 78' lang='lat' dir='ltr'><strong>similem.</strong></span> <span class='ocrx_word' id='word_1_124' title='bbox 1579 1925 1582 1926; x_wconf 12' lang='grc' dir='ltr'><em>γ</em></span> <span class='ocrx_word' id='word_1_125' title='bbox 1624 1892 1663 1917; x_wconf 81' lang='lat'><strong>¹¹·</strong></span> <span class='ocrx_word' id='word_1_126' title='bbox 1696 1884 1756 1934; x_wconf 77' lang='lat' dir='ltr'><strong>Si</strong></span> <span class='ocrx_word' id='word_1_127' title='bbox 1778 1883 2082 1947; x_wconf 76' lang='lat' dir='ltr'><strong>turpiusacis</strong></span> <span class='ocrx_word' id='word_1_128' title='bbox 2102 1890 2149 1933; x_wconf 85' lang='lat' dir='ltr'><strong>et</strong></span> <span class='ocrx_word' id='word_1_129' title='bbox 2165 1883 2371 1945; x_wconf 75' lang='lat' dir='ltr'><strong>pateris.</strong></span> 
     </span>
     <span class='ocr_line' id='line_1_15' title="bbox 550 1949 2752 2065; baseline -0.002 -65"><span class='ocrx_word' id='word_1_130' title='bbox 550 1952 800 2065; x_wconf 40' lang='lat' dir='ltr'><strong>“art-lum</strong></span> <span class='ocrx_word' id='word_1_131' title='bbox 834 1953 1088 2001; x_wconf 81' lang='lat' dir='ltr'><strong>ridiculam</strong></span> <span class='ocrx_word' id='word_1_132' title='bbox 1121 1953 1329 2014; x_wconf 78' lang='lat' dir='ltr'><strong>aliquam</strong></span> <span class='ocrx_word' id='word_1_133' title='bbox 1364 1965 1550 2000; x_wconf 72' lang='lat' dir='ltr'><strong>causam</strong></span> <span class='ocrx_word' id='word_1_134' title='bbox 1587 1950 1788 2014; x_wconf 77' lang='lat' dir='ltr'><strong>afferas.</strong></span> <span class='ocrx_word' id='word_1_135' title='bbox 1817 1950 1874 1998; x_wconf 82' lang='lat' dir='ltr'><strong>ob</strong></span> <span class='ocrx_word' id='word_1_136' title='bbox 1907 1964 2046 2012; x_wconf 81' lang='lat' dir='ltr'><strong>quam</strong></span> <span class='ocrx_word' id='word_1_137' title='bbox 2083 1950 2260 2013; x_wconf 64' lang='lat' dir='ltr'><strong>aliquus</strong></span> <span class='ocrx_word' id='word_1_138' title='bbox 2294 1953 2427 1998; x_wconf 82' lang='lat' dir='ltr'><strong>certo</strong></span> <span class='ocrx_word' id='word_1_139' title='bbox 2465 1949 2655 1997; x_wconf 76' lang='lat' dir='ltr'><strong>nomine</strong></span> <span class='ocrx_word' id='word_1_140' title='bbox 2684 1963 2752 1996; x_wconf 72' lang='lat' dir='ltr'><strong>vo·</strong></span> 
     </span>
    </p>
   </div>
   <div class='ocr_carea' id='block_1_4' title="bbox 614 2079 1852 2206">
    <p class='ocr_par' dir='ltr' id='par_1_4' title="bbox 614 2079 1852 2206">
     <span class='ocr_line' id='line_1_16' title="bbox 615 2079 1852 2144; baseline -0.002 -15"><span class='ocrx_word' id='word_1_141' title='bbox 615 2089 636 2112; x_wconf 88' lang='lat'><em>⁰</em></span> <span class='ocrx_word' id='word_1_142' title='bbox 673 2081 850 2129; x_wconf 77' lang='lat' dir='ltr'><strong>Iisdem</strong></span> <span class='ocrx_word' id='word_1_143' title='bbox 867 2080 1024 2129; x_wconf 77' lang='lat' dir='ltr'><strong>verbis</strong></span> <span class='ocrx_word' id='word_1_144' title='bbox 1045 2080 1212 2142; x_wconf 80' lang='lat' dir='ltr'><strong>quibus</strong></span> <span class='ocrx_word' id='word_1_145' title='bbox 1243 2079 1302 2128; x_wconf 84' lang='lat' dir='ltr'><strong>ab</strong></span> <span class='ocrx_word' id='word_1_146' title='bbox 1324 2085 1517 2129; x_wconf 77' lang='lat' dir='ltr'><strong>auctore</strong></span> <span class='ocrx_word' id='word_1_147' title='bbox 1536 2080 1746 2144; x_wconf 67' lang='lat' dir='ltr'><strong>scr-ipius</strong></span> <span class='ocrx_word' id='word_1_148' title='bbox 1763 2085 1852 2128; x_wconf 78' lang='lat' dir='ltr'><strong>eat.</strong></span> 
     </span>
     <span class='ocr_line' id='line_1_17' title="bbox 614 2145 1452 2206; baseline -0.004 -11"><span class='ocrx_word' id='word_1_149' title='bbox 614 2153 645 2186; x_wconf 74' lang='grc' dir='ltr'><em>Ρ</em></span> <span class='ocrx_word' id='word_1_150' title='bbox 678 2148 844 2206; x_wconf 70' lang='lat' dir='ltr'><strong>Agens</strong></span> <span class='ocrx_word' id='word_1_151' title='bbox 863 2161 972 2195; x_wconf 82' lang='lat' dir='ltr'><strong>cum</strong></span> <span class='ocrx_word' id='word_1_152' title='bbox 996 2145 1178 2195; x_wconf 79' lang='lat' dir='ltr'><strong>Scauro</strong></span> <span class='ocrx_word' id='word_1_153' title='bbox 1197 2146 1452 2195; x_wconf 74' lang='lat' dir='ltr'><strong>irascente.</strong></span> 
     </span>
    </p>
   </div>
   <div class='ocr_carea' id='block_1_5' title="bbox 1477 2297 1839 2318">
    <p class='ocr_par' dir='ltr' id='par_1_5' title="bbox 1477 2297 1839 2318">
     <span class='ocr_line' id='line_1_18' title="bbox 1477 2297 1839 2318; baseline 0.003 -2"><span class='ocrx_word' id='word_1_154' title='bbox 1477 2298 1505 2316; x_wconf 64' lang='lat' dir='ltr'><em>O</em></span> <span class='ocrx_word' id='word_1_155' title='bbox 1510 2298 1566 2317; x_wconf 62' lang='lat' dir='ltr'><strong>‘O</strong></span> <span class='ocrx_word' id='word_1_156' title='bbox 1571 2298 1746 2317; x_wconf 54' lang='lat'><strong>‘0900‘</strong></span> <span class='ocrx_word' id='word_1_157' title='bbox 1750 2297 1839 2318; x_wconf 59' lang='lat'><strong>000</strong></span> 
     </span>
    </p>
   </div>
   <div class='ocr_carea' id='block_1_6' title="bbox 623 2411 2759 2479">
    <p class='ocr_par' dir='ltr' id='par_1_6' title="bbox 623 2411 2759 2479">
     <span class='ocr_line' id='line_1_19' title="bbox 623 2411 2759 2479; baseline -0.002 -16"><span class='ocrx_word' id='word_1_158' title='bbox 623 2413 764 2463; x_wconf 57' lang='lat' dir='ltr'><strong>cap.</strong></span> <span class='ocrx_word' id='word_1_159' title='bbox 800 2426 950 2463; x_wconf 62' lang='lat' dir='ltr'><strong>mxlv.</strong></span> <span class='ocrx_word' id='word_1_160' title='bbox 1006 2417 1033 2461; x_wconf 91' lang='lat'>1</span> <span class='ocrx_word' id='word_1_161' title='bbox 1067 2412 1207 2463; x_wconf 69' lang='lat' dir='ltr'><strong>Seius</strong></span> <span class='ocrx_word' id='word_1_162' title='bbox 1229 2412 1410 2463; x_wconf 78' lang='lat' dir='ltr'><strong>Scauro</strong></span> <span class='ocrx_word' id='word_1_163' title='bbox 1432 2411 1553 2461; x_wconf 81' lang='lat' dir='ltr'><strong>edd.</strong></span> <span class='ocrx_word' id='word_1_164' title='bbox 1579 2420 1708 2462; x_wconf 82' lang='lat' dir='ltr'><strong>vett.</strong></span> <span class='ocrx_word' id='word_1_165' title='bbox 1743 2411 1955 2462; x_wconf 75' lang='lat' dir='ltr'><strong>Scaurus</strong></span> <span class='ocrx_word' id='word_1_166' title='bbox 1976 2412 2141 2463; x_wconf 76' lang='lat' dir='ltr'><strong>Statio</strong></span> <span class='ocrx_word' id='word_1_167' title='bbox 2175 2412 2308 2479; x_wconf 84' lang='lat' dir='ltr'><strong>conj.</strong></span> <span class='ocrx_word' id='word_1_168' title='bbox 2346 2411 2759 2463; x_wconf 62' lang='lat' dir='ltr'><strong>schum—2112</strong></span> 
     </span>
    </p>
   </div>
   <div class='ocr_carea' id='block_1_7' title="bbox 1551 2604 1762 2655">
    <p class='ocr_par' dir='ltr' id='par_1_7' title="bbox 1551 2604 1762 2655">
     <span class='ocr_line' id='line_1_20' title="bbox 1551 2604 1762 2655; baseline -0.009 0"><span class='ocrx_word' id='word_1_169' title='bbox 1551 2604 1762 2655; x_wconf 75' lang='lat' dir='ltr'>NOTAE</span> 
     </span>
    </p>
   </div>
   <div class='ocr_carea' id='block_1_8' title="bbox 508 2719 1641 4320">
    <p class='ocr_par' dir='ltr' id='par_1_8' title="bbox 508 2719 1629 3536">
     <span class='ocr_line' id='line_1_21' title="bbox 556 2719 1624 2784; baseline -0.003 -14"><span class='ocrx_word' id='word_1_170' title='bbox 556 2735 650 2770; x_wconf 80' lang='lat' dir='ltr'><strong>ere</strong></span> <span class='ocrx_word' id='word_1_171' title='bbox 673 2721 758 2784; x_wconf 87' lang='lat' dir='ltr'><strong>qui</strong></span> <span class='ocrx_word' id='word_1_172' title='bbox 784 2719 1099 2770; x_wconf 83' lang='lat' dir='ltr'><strong>Antiochum</strong></span> <span class='ocrx_word' id='word_1_173' title='bbox 1129 2725 1474 2782; x_wconf 78' lang='lat' dir='ltr'><strong>cognomento</strong></span> <span class='ocrx_word' id='word_1_174' title='bbox 1493 2719 1624 2768; x_wconf 74' lang='grc' dir='ltr'><strong>Ἔπι-</strong></span> 
     </span>
     <span class='ocr_line' id='line_1_22' title="bbox 558 2797 1627 2862; baseline -0.003 -15"><span class='ocrx_word' id='word_1_175' title='bbox 558 2798 706 2862; x_wconf 57' lang='lat' dir='ltr'><strong>mvii,</strong></span> <span class='ocrx_word' id='word_1_176' title='bbox 740 2799 836 2847; x_wconf 82' lang='lat' dir='ltr'><strong>boc</strong></span> <span class='ocrx_word' id='word_1_177' title='bbox 873 2806 974 2854; x_wconf 84' lang='lat' dir='ltr'><strong>est,</strong></span> <span class='ocrx_word' id='word_1_178' title='bbox 1005 2799 1256 2852; x_wconf 72' lang='lat' dir='ltr'><strong>iuusirem,</strong></span> <span class='ocrx_word' id='word_1_179' title='bbox 1295 2797 1627 2860; x_wconf 83' lang='lat' dir='ltr'><strong>appellarunt</strong></span> 
     </span>
     <span class='ocr_line' id='line_1_23' title="bbox 508 2876 1625 2941; baseline -0.003 -15"><span class='ocrx_word' id='word_1_180' title='bbox 508 2902 515 2911; x_wconf 95' lang='lat'><strong>·</strong></span> <span class='ocrx_word' id='word_1_181' title='bbox 543 2877 802 2938; x_wconf 57' lang='grc' dir='ltr'><strong>Ἐπιμανῆ,</strong></span> <span class='ocrx_word' id='word_1_182' title='bbox 821 2877 1100 2937; x_wconf 77' lang='lat' dir='ltr'><strong>furiosum3</strong></span> <span class='ocrx_word' id='word_1_183' title='bbox 1142 2884 1196 2926; x_wconf 86' lang='lat' dir='ltr'><strong>et</strong></span> <span class='ocrx_word' id='word_1_184' title='bbox 1229 2876 1318 2941; x_wconf 88' lang='lat' dir='ltr'><strong>qui</strong></span> <span class='ocrx_word' id='word_1_185' title='bbox 1360 2876 1625 2925; x_wconf 83' lang='lat' dir='ltr'><strong>Tiberium</strong></span> 
     </span>
     <span class='ocr_line' id='line_1_24' title="bbox 559 2951 1624 3016; baseline 0.001 -16"><span class='ocrx_word' id='word_1_186' title='bbox 559 2951 834 3001; x_wconf 82' lang='lat' dir='ltr'><strong>Claudium</strong></span> <span class='ocrx_word' id='word_1_187' title='bbox 870 2953 1154 3013; x_wconf 84' lang='lat' dir='ltr'><strong>Neronem,</strong></span> <span class='ocrx_word' id='word_1_188' title='bbox 1177 2953 1314 3016; x_wconf 88' lang='lat' dir='ltr'><strong>quod</strong></span> <span class='ocrx_word' id='word_1_189' title='bbox 1334 2952 1525 3015; x_wconf 77' lang='lat' dir='ltr'><strong>largius</strong></span> <span class='ocrx_word' id='word_1_190' title='bbox 1550 2952 1624 3001; x_wconf 92' lang='lat' dir='ltr'><strong>bi-</strong></span> 
     </span>
     <span class='ocr_line' id='line_1_25' title="bbox 558 3027 1627 3091; baseline 0 -14"><span class='ocrx_word' id='word_1_191' title='bbox 558 3027 711 3077; x_wconf 81' lang='lat' dir='ltr'><strong>beret</strong></span> <span class='ocrx_word' id='word_1_192' title='bbox 743 3041 939 3075; x_wconf 87' lang='lat' dir='ltr'><strong>merum</strong></span> <span class='ocrx_word' id='word_1_193' title='bbox 973 3029 1125 3076; x_wconf 84' lang='lat' dir='ltr'><strong>ealda</strong></span> <span class='ocrx_word' id='word_1_194' title='bbox 1149 3035 1518 3091; x_wconf 82' lang='lat' dir='ltr'><strong>temperatum,</strong></span> <span class='ocrx_word' id='word_1_195' title='bbox 1540 3041 1627 3077; x_wconf 80' lang='lat' dir='ltr'><strong>vo·</strong></span> 
     </span>
     <span class='ocr_line' id='line_1_26' title="bbox 560 3103 1607 3155; baseline -0.002 -1"><span class='ocrx_word' id='word_1_196' title='bbox 560 3111 748 3155; x_wconf 79' lang='lat' dir='ltr'><strong>carnut</strong></span> <span class='ocrx_word' id='word_1_197' title='bbox 767 3103 1032 3153; x_wconf 87' lang='lat' dir='ltr'><strong>Biberium</strong></span> <span class='ocrx_word' id='word_1_198' title='bbox 1057 3104 1297 3154; x_wconf 74' lang='lat' dir='ltr'><strong>Cnidium</strong></span> <span class='ocrx_word' id='word_1_199' title='bbox 1316 3106 1607 3154; x_wconf 74' lang='lat' dir='ltr'><strong>Mer-onem.</strong></span> 
     </span>
     <span class='ocr_line' id='line_1_27' title="bbox 566 3180 1629 3247; baseline -0.002 -14"><span class='ocrx_word' id='word_1_200' title='bbox 566 3220 574 3233; x_wconf 67' lang='grc'><em>,</em></span> <span class='ocrx_word' id='word_1_201' title='bbox 625 3189 651 3215; x_wconf 76' lang='lat'><strong>¹²</strong></span> <span class='ocrx_word' id='word_1_202' title='bbox 689 3180 1005 3243; x_wconf 69' lang='lat' dir='ltr'><strong>Nobiliorem]</strong></span> <span class='ocrx_word' id='word_1_203' title='bbox 1047 3181 1124 3230; x_wconf 88' lang='lat' dir='ltr'><strong>M.</strong></span> <span class='ocrx_word' id='word_1_204' title='bbox 1149 3183 1360 3231; x_wconf 82' lang='lat' dir='ltr'><strong>Fulvius</strong></span> <span class='ocrx_word' id='word_1_205' title='bbox 1390 3182 1629 3247; x_wconf 79' lang='lat' dir='ltr'><strong>Nobilior</strong></span> 
     </span>
     <span class='ocr_line' id='line_1_28' title="bbox 561 3256 1627 3322; baseline 0.001 -16"><span class='ocrx_word' id='word_1_206' title='bbox 561 3256 856 3306; x_wconf 82' lang='lat' dir='ltr'><strong>clarissimis</strong></span> <span class='ocrx_word' id='word_1_207' title='bbox 892 3257 1019 3320; x_wconf 84' lang='lat' dir='ltr'><strong>reip.</strong></span> <span class='ocrx_word' id='word_1_208' title='bbox 1055 3257 1449 3322; x_wconf 82' lang='lat' dir='ltr'><strong>magistratibus</strong></span> <span class='ocrx_word' id='word_1_209' title='bbox 1482 3273 1627 3322; x_wconf 79' lang='lat' dir='ltr'><strong>egre-</strong></span> 
     </span>
     <span class='ocr_line' id='line_1_29' title="bbox 564 3331 1628 3398; baseline 0.003 -17"><span class='ocrx_word' id='word_1_210' title='bbox 564 3332 649 3398; x_wconf 69' lang='lat' dir='ltr'><strong>gie</strong></span> <span class='ocrx_word' id='word_1_211' title='bbox 681 3331 910 3390; x_wconf 85' lang='lat' dir='ltr'><strong>functus,</strong></span> <span class='ocrx_word' id='word_1_212' title='bbox 934 3336 1206 3396; x_wconf 83' lang='lat' dir='ltr'><strong>proconsul</strong></span> <span class='ocrx_word' id='word_1_213' title='bbox 1238 3335 1303 3384; x_wconf 84' lang='lat' dir='ltr'><strong>de</strong></span> <span class='ocrx_word' id='word_1_214' title='bbox 1327 3335 1510 3385; x_wconf 77' lang='lat' dir='ltr'><strong>AEtolis</strong></span> <span class='ocrx_word' id='word_1_215' title='bbox 1536 3336 1628 3384; x_wconf 84' lang='lat' dir='ltr'><strong>tri·</strong></span> 
     </span>
     <span class='ocr_line' id='line_1_30' title="bbox 567 3409 1628 3473; baseline 0.004 -15"><span class='ocrx_word' id='word_1_216' title='bbox 567 3409 834 3473; x_wconf 81' lang='lat' dir='ltr'><strong>umphavit</strong></span> <span class='ocrx_word' id='word_1_217' title='bbox 881 3409 946 3459; x_wconf 87' lang='lat' dir='ltr'><strong>A.</strong></span> <span class='ocrx_word' id='word_1_218' title='bbox 990 3410 1059 3460; x_wconf 86' lang='lat' dir='ltr'><strong>U.</strong></span> <span class='ocrx_word' id='word_1_219' title='bbox 1096 3411 1155 3460; x_wconf 89' lang='lat' dir='ltr'><strong>C.</strong></span> <span class='ocrx_word' id='word_1_220' title='bbox 1190 3414 1304 3461; x_wconf 81' lang='lat'><strong>567.</strong></span> <span class='ocrx_word' id='word_1_221' title='bbox 1349 3419 1469 3462; x_wconf 85' lang='lat' dir='ltr'><strong>ante</strong></span> <span class='ocrx_word' id='word_1_222' title='bbox 1504 3412 1628 3463; x_wconf 81' lang='lat' dir='ltr'><strong>Chr.</strong></span> 
     </span>
     <span class='ocr_line' id='line_1_31' title="bbox 569 3488 686 3536; baseline 0 -2"><span class='ocrx_word' id='word_1_223' title='bbox 569 3488 686 3536; x_wconf 81' lang='lat'><strong>187.</strong></span> 
     </span>
    </p>

    <p class='ocr_par' dir='ltr' id='par_1_9' title="bbox 566 3563 1641 4230">
     <span class='ocr_line' id='line_1_32' title="bbox 629 3563 1632 3629; baseline 0.002 -17"><span class='ocrx_word' id='word_1_224' title='bbox 629 3571 656 3597; x_wconf 80' lang='lat'>⁰</span> <span class='ocrx_word' id='word_1_225' title='bbox 688 3563 1033 3627; x_wconf 73' lang='lat' dir='ltr'><strong>Interpretatio</strong></span> <span class='ocrx_word' id='word_1_226' title='bbox 1065 3564 1290 3629; x_wconf 68' lang='lat' dir='ltr'><strong>uminis]</strong></span> <span class='ocrx_word' id='word_1_227' title='bbox 1339 3565 1513 3615; x_wconf 83' lang='lat' dir='ltr'><strong>Multa</strong></span> <span class='ocrx_word' id='word_1_228' title='bbox 1548 3565 1632 3614; x_wconf 90' lang='lat' dir='ltr'><strong>Ci-</strong></span> 
     </span>
     <span class='ocr_line' id='line_1_33' title="bbox 568 3642 1634 3699; baseline -0.002 -7"><span class='ocrx_word' id='word_1_229' title='bbox 568 3656 689 3692; x_wconf 85' lang='lat' dir='ltr'><strong>cero</strong></span> <span class='ocrx_word' id='word_1_230' title='bbox 725 3642 777 3692; x_wconf 91' lang='lat' dir='ltr'><strong>in</strong></span> <span class='ocrx_word' id='word_1_231' title='bbox 815 3643 1059 3699; x_wconf 85' lang='lat' dir='ltr'><strong>Verrem,</strong></span> <span class='ocrx_word' id='word_1_232' title='bbox 1082 3642 1176 3691; x_wconf 85' lang='lat' dir='ltr'><strong>sed</strong></span> <span class='ocrx_word' id='word_1_233' title='bbox 1206 3651 1265 3692; x_wconf 92' lang='lat' dir='ltr'><strong>ut</strong></span> <span class='ocrx_word' id='word_1_234' title='bbox 1291 3642 1357 3692; x_wconf 87' lang='lat' dir='ltr'><strong>ab</strong></span> <span class='ocrx_word' id='word_1_235' title='bbox 1388 3643 1501 3692; x_wconf 81' lang='lat' dir='ltr'><strong>aliis</strong></span> <span class='ocrx_word' id='word_1_236' title='bbox 1527 3642 1634 3691; x_wconf 87' lang='lat' dir='ltr'><strong>dic·</strong></span> 
     </span>
     <span class='ocr_line' id='line_1_34' title="bbox 566 3718 1637 3782; baseline -0.001 -14"><span class='ocrx_word' id='word_1_237' title='bbox 566 3729 621 3768; x_wconf 86' lang='lat' dir='ltr'><strong>ta</strong></span> <span class='ocrx_word' id='word_1_238' title='bbox 637 3735 653 3768; x_wconf 74' lang='lat' dir='ltr'><em>z</em></span> <span class='ocrx_word' id='word_1_239' title='bbox 689 3719 841 3768; x_wconf 87' lang='lat' dir='ltr'><strong>modo</strong></span> <span class='ocrx_word' id='word_1_240' title='bbox 862 3718 1092 3768; x_wconf 86' lang='lat' dir='ltr'><strong>futurum</strong></span> <span class='ocrx_word' id='word_1_241' title='bbox 1119 3727 1177 3768; x_wconf 91' lang='lat' dir='ltr'><strong>ut</strong></span> <span class='ocrx_word' id='word_1_242' title='bbox 1197 3720 1366 3768; x_wconf 85' lang='lat' dir='ltr'><strong>omnia</strong></span> <span class='ocrx_word' id='word_1_243' title='bbox 1384 3726 1637 3782; x_wconf 86' lang='lat' dir='ltr'><strong>verreret,</strong></span> 
     </span>
     <span class='ocr_line' id='line_1_35' title="bbox 569 3795 1636 3846; baseline -0.002 0"><span class='ocrx_word' id='word_1_244' title='bbox 569 3811 687 3846; x_wconf 90' lang='lat' dir='ltr'><strong>cum</strong></span> <span class='ocrx_word' id='word_1_245' title='bbox 725 3795 991 3846; x_wconf 80' lang='lat' dir='ltr'><strong>diceretur</strong></span> <span class='ocrx_word' id='word_1_246' title='bbox 1030 3797 1258 3844; x_wconf 85' lang='lat' dir='ltr'><strong>Verres:</strong></span> <span class='ocrx_word' id='word_1_247' title='bbox 1305 3795 1460 3844; x_wconf 86' lang='lat' dir='ltr'><strong>modo</strong></span> <span class='ocrx_word' id='word_1_248' title='bbox 1498 3795 1636 3844; x_wconf 87' lang='lat' dir='ltr'><strong>Her·</strong></span> 
     </span>
     <span class='ocr_line' id='line_1_36' title="bbox 569 3871 1639 3936; baseline -0.002 -14"><span class='ocrx_word' id='word_1_249' title='bbox 569 3874 673 3924; x_wconf 87' lang='lat' dir='ltr'><strong>culi</strong></span> <span class='ocrx_word' id='word_1_250' title='bbox 717 3887 867 3936; x_wconf 86' lang='lat' dir='ltr'><strong>quem</strong></span> <span class='ocrx_word' id='word_1_251' title='bbox 916 3873 1236 3936; x_wconf 76' lang='lat' dir='ltr'><strong>expilaverat</strong></span> <span class='ocrx_word' id='word_1_252' title='bbox 1285 3871 1639 3920; x_wconf 82' lang='lat' dir='ltr'><strong>molestiorem</strong></span> 
     </span>
     <span class='ocr_line' id='line_1_37' title="bbox 573 3946 1638 4012; baseline 0 -15"><span class='ocrx_word' id='word_1_253' title='bbox 573 3964 700 4011; x_wconf 82' lang='lat' dir='ltr'><strong>apro</strong></span> <span class='ocrx_word' id='word_1_254' title='bbox 738 3949 1078 4012; x_wconf 82' lang='lat' dir='ltr'><strong>Erymanthio</strong></span> <span class='ocrx_word' id='word_1_255' title='bbox 1115 3946 1307 3996; x_wconf 79' lang='lat' dir='ltr'><strong>fuisse:</strong></span> <span class='ocrx_word' id='word_1_256' title='bbox 1348 3947 1501 3997; x_wconf 86' lang='lat' dir='ltr'><strong>modo</strong></span> <span class='ocrx_word' id='word_1_257' title='bbox 1534 3961 1638 3996; x_wconf 91' lang='lat' dir='ltr'><strong>ma·</strong></span> 
     </span>
     <span class='ocr_line' id='line_1_38' title="bbox 574 4025 1641 4090; baseline -0.001 -16"><span class='ocrx_word' id='word_1_258' title='bbox 574 4026 678 4074; x_wconf 85' lang='lat' dir='ltr'><strong>lum</strong></span> <span class='ocrx_word' id='word_1_259' title='bbox 698 4025 1144 4090; x_wconf 85' lang='lat' dir='ltr'><strong>sacerdotem‚qui</strong></span> <span class='ocrx_word' id='word_1_260' title='bbox 1167 4032 1268 4074; x_wconf 82' lang='lat' dir='ltr'><strong>tarn</strong></span> <span class='ocrx_word' id='word_1_261' title='bbox 1293 4039 1512 4090; x_wconf 78' lang='lat' dir='ltr'><strong>nequam</strong></span> <span class='ocrx_word' id='word_1_262' title='bbox 1531 4040 1641 4075; x_wconf 82' lang='lat' dir='ltr'><strong>ver·</strong></span> 
     </span>
     <span class='ocr_line' id='line_1_39' title="bbox 576 4101 1640 4167; baseline 0.002 -17"><span class='ocrx_word' id='word_1_263' title='bbox 576 4117 683 4151; x_wconf 89' lang='lat' dir='ltr'><strong>rem</strong></span> <span class='ocrx_word' id='word_1_264' title='bbox 699 4104 1011 4167; x_wconf 78' lang='lat' dir='ltr'><strong>reliquisset,</strong></span> <span class='ocrx_word' id='word_1_265' title='bbox 1023 4103 1145 4167; x_wconf 89' lang='lat' dir='ltr'><strong>quia</strong></span> <span class='ocrx_word' id='word_1_266' title='bbox 1158 4101 1433 4152; x_wconf 81' lang='lat' dir='ltr'><strong>Sacerdoti</strong></span> <span class='ocrx_word' id='word_1_267' title='bbox 1447 4104 1640 4152; x_wconf 78' lang='lat' dir='ltr'><strong>Verres</strong></span> 
     </span>
     <span class='ocr_line' id='line_1_40' title="bbox 577 4180 1628 4230; baseline 0 -2"><span class='ocrx_word' id='word_1_268' title='bbox 577 4189 919 4229; x_wconf 81' lang='lat' dir='ltr'><strong>successerat.</strong></span> <span class='ocrx_word' id='word_1_269' title='bbox 987 4180 1181 4229; x_wconf 81' lang='lat' dir='ltr'><strong>Fabius</strong></span> <span class='ocrx_word' id='word_1_270' title='bbox 1204 4194 1281 4229; x_wconf 75' lang='lat' dir='ltr'><strong>vi.</strong></span> <span class='ocrx_word' id='word_1_271' title='bbox 1303 4185 1352 4230; x_wconf 78' lang='lat'><strong>3.</strong></span> <span class='ocrx_word' id='word_1_272' title='bbox 1623 4183 1628 4186; x_wconf 82' lang='grc'><strong><em>’</em></strong></span> 
     </span>
    </p>

    <p class='ocr_par' dir='ltr' id='par_1_10' title="bbox 640 4255 1638 4320">
     <span class='ocr_line' id='line_1_41' title="bbox 640 4255 1638 4320; baseline 0.001 -15"><span class='ocrx_word' id='word_1_273' title='bbox 640 4264 673 4317; x_wconf 31' lang='lat'><strong>⁰,</strong></span> <span class='ocrx_word' id='word_1_274' title='bbox 699 4256 807 4318; x_wconf 75' lang='lat' dir='ltr'><strong>Ego</strong></span> <span class='ocrx_word' id='word_1_275' title='bbox 821 4270 986 4318; x_wconf 79' lang='lat' dir='ltr'><strong>nuper,</strong></span> <span class='ocrx_word' id='word_1_276' title='bbox 1008 4256 1306 4319; x_wconf 75' lang='lat' dir='ltr'><strong>Nummium]</strong></span> <span class='ocrx_word' id='word_1_277' title='bbox 1342 4255 1540 4320; x_wconf 82' lang='lat' dir='ltr'><strong>Lepide</strong></span> <span class='ocrx_word' id='word_1_278' title='bbox 1555 4257 1638 4320; x_wconf 87' lang='lat' dir='ltr'><strong>jo-</strong></span> 
     </span>
    </p>
   </div>
   <div class='ocr_carea' id='block_1_9' title="bbox 1703 2718 2783 4320">
    <p class='ocr_par' dir='ltr' id='par_1_11' title="bbox 1703 2718 2780 3628">
     <span class='ocr_line' id='line_1_42' title="bbox 1704 2718 2767 2771; baseline 0.003 -3"><span class='ocrx_word' id='word_1_279' title='bbox 1704 2725 1851 2768; x_wconf 77' lang='lat' dir='ltr'><strong>catus</strong></span> <span class='ocrx_word' id='word_1_280' title='bbox 1873 2723 1955 2768; x_wconf 89' lang='lat' dir='ltr'><strong>est</strong></span> <span class='ocrx_word' id='word_1_281' title='bbox 1977 2718 2154 2768; x_wconf 78' lang='lat' dir='ltr'><strong>Caesar</strong></span> <span class='ocrx_word' id='word_1_282' title='bbox 2179 2718 2230 2768; x_wconf 93' lang='lat' dir='ltr'><strong>in</strong></span> <span class='ocrx_word' id='word_1_283' title='bbox 2247 2719 2563 2769; x_wconf 51' lang='lat' dir='ltr'><strong>¹&#39;Nummium</strong></span> <span class='ocrx_word' id='word_1_284' title='bbox 2587 2721 2767 2771; x_wconf 76' lang='lat' dir='ltr'><strong>diviso·</strong></span> 
     </span>
     <span class='ocr_line' id='line_1_43' title="bbox 1705 2791 2769 2863; baseline 0.003 -19"><span class='ocrx_word' id='word_1_285' title='bbox 1705 2810 1849 2858; x_wconf 86' lang='lat' dir='ltr'><strong>rem;</strong></span> <span class='ocrx_word' id='word_1_286' title='bbox 1888 2796 2066 2860; x_wconf 79' lang='lat' dir='ltr'><strong>(erant</strong></span> <span class='ocrx_word' id='word_1_287' title='bbox 2105 2803 2277 2846; x_wconf 85' lang='lat' dir='ltr'><strong>autem</strong></span> <span class='ocrx_word' id='word_1_288' title='bbox 2300 2791 2557 2848; x_wconf 72' lang='lat' dir='ltr'><strong>divisores</strong></span> <span class='ocrx_word' id='word_1_289' title='bbox 2589 2800 2676 2863; x_wconf 90' lang='lat' dir='ltr'><strong>qui</strong></span> <span class='ocrx_word' id='word_1_290' title='bbox 2708 2797 2769 2847; x_wconf 60' lang='lat' dir='ltr'><strong>aa</strong></span> 
     </span>
     <span class='ocr_line' id='line_1_44' title="bbox 1704 2869 2768 2937; baseline 0.005 -18"><span class='ocrx_word' id='word_1_291' title='bbox 1704 2871 1985 2922; x_wconf 87' lang='lat' dir='ltr'><strong>emerenda</strong></span> <span class='ocrx_word' id='word_1_292' title='bbox 2010 2871 2188 2934; x_wconf 86' lang='lat' dir='ltr'><strong>populi</strong></span> <span class='ocrx_word' id='word_1_293' title='bbox 2213 2869 2466 2936; x_wconf 81' lang='lat' dir='ltr'><strong>suffragia</strong></span> <span class='ocrx_word' id='word_1_294' title='bbox 2503 2875 2768 2937; x_wconf 86' lang='lat' dir='ltr'><strong>pecuniam</strong></span> 
     </span>
     <span class='ocr_line' id='line_1_45' title="bbox 1703 2947 2772 3000; baseline 0.007 -6"><span class='ocrx_word' id='word_1_295' title='bbox 1703 2947 1844 2997; x_wconf 84' lang='lat' dir='ltr'><strong>inter</strong></span> <span class='ocrx_word' id='word_1_296' title='bbox 1862 2947 2027 2996; x_wconf 87' lang='lat' dir='ltr'><strong>tribus</strong></span> <span class='ocrx_word' id='word_1_297' title='bbox 2050 2948 2240 2997; x_wconf 81' lang='lat' dir='ltr'><strong>viritim</strong></span> <span class='ocrx_word' id='word_1_298' title='bbox 2266 2949 2667 3000; x_wconf 84' lang='lat' dir='ltr'><strong>candidatorum</strong></span> <span class='ocrx_word' id='word_1_299' title='bbox 2690 2966 2772 3000; x_wconf 89' lang='lat' dir='ltr'><strong>no·</strong></span> 
     </span>
     <span class='ocr_line' id='line_1_46' title="bbox 1707 3023 2773 3088; baseline 0.003 -17"><span class='ocrx_word' id='word_1_300' title='bbox 1707 3025 1844 3072; x_wconf 82' lang='lat' dir='ltr'><strong>mine</strong></span> <span class='ocrx_word' id='word_1_301' title='bbox 1878 3023 2201 3085; x_wconf 77' lang='lat' dir='ltr'><strong>dividebant,</strong></span> <span class='ocrx_word' id='word_1_302' title='bbox 2223 3039 2351 3088; x_wconf 90' lang='lat' dir='ltr'><strong>quos</strong></span> <span class='ocrx_word' id='word_1_303' title='bbox 2382 3024 2608 3075; x_wconf 83' lang='lat' dir='ltr'><strong>Plautus</strong></span> <span class='ocrx_word' id='word_1_304' title='bbox 2633 3027 2773 3076; x_wconf 83' lang='lat' dir='ltr'><strong>Curi-</strong></span> 
     </span>
     <span class='ocr_line' id='line_1_47' title="bbox 1708 3102 2773 3166; baseline 0.004 -17"><span class='ocrx_word' id='word_1_305' title='bbox 1708 3114 1853 3150; x_wconf 83' lang='lat' dir='ltr'><strong>arum</strong></span> <span class='ocrx_word' id='word_1_306' title='bbox 1886 3102 2156 3164; x_wconf 80' lang='lat' dir='ltr'><strong>magistros</strong></span> <span class='ocrx_word' id='word_1_307' title='bbox 2191 3102 2370 3166; x_wconf 82' lang='lat' dir='ltr'><strong>vocat)</strong></span> <span class='ocrx_word' id='word_1_308' title='bbox 2390 3108 2405 3130; x_wconf 82' lang='lat'><strong><em>⁴</em></strong></span> <span class='ocrx_word' id='word_1_309' title='bbox 2428 3103 2773 3153; x_wconf 78' lang='lat' dir='ltr'><strong>Quemadmo-</strong></span> 
     </span>
     <span class='ocr_line' id='line_1_48' title="bbox 1709 3178 2772 3246; baseline 0.003 -19"><span class='ocrx_word' id='word_1_310' title='bbox 1709 3178 1830 3229; x_wconf 86' lang='lat' dir='ltr'><strong>dum</strong></span> <span class='ocrx_word' id='word_1_311' title='bbox 1855 3179 2126 3244; x_wconf 67' lang='lat' dir='ltr'><strong>Pyrrhus:</strong></span> <span class='ocrx_word' id='word_1_312' title='bbox 2149 3180 2418 3246; x_wconf 87' lang='lat' dir='ltr'><strong>inquiebat</strong></span> <span class='ocrx_word' id='word_1_313' title='bbox 2448 3182 2652 3243; x_wconf 81' lang='lat' dir='ltr'><strong>Caesar,</strong></span> <span class='ocrx_word' id='word_1_314' title='bbox 2676 3185 2693 3210; x_wconf 88' lang='lat'>‘</span> <span class='ocrx_word' id='word_1_315' title='bbox 2716 3181 2772 3231; x_wconf 78' lang='lat' dir='ltr'><strong>sd</strong></span> 
     </span>
     <span class='ocr_line' id='line_1_49' title="bbox 1709 3256 2774 3322; baseline 0.001 -16"><span class='ocrx_word' id='word_1_316' title='bbox 1709 3256 1922 3319; x_wconf 84' lang='lat' dir='ltr'><strong>Trojam</strong></span> <span class='ocrx_word' id='word_1_317' title='bbox 1980 3256 2359 3320; x_wconf 82' lang='lat' dir='ltr'><strong>Neoptolemus</strong></span> <span class='ocrx_word' id='word_1_318' title='bbox 2410 3264 2493 3306; x_wconf 86' lang='lat' dir='ltr'><strong>est</strong></span> <span class='ocrx_word' id='word_1_319' title='bbox 2547 3259 2774 3322; x_wconf 81' lang='lat' dir='ltr'><strong>appella·</strong></span> 
     </span>
     <span class='ocr_line' id='line_1_50' title="bbox 1711 3330 2776 3396; baseline 0 -15"><span class='ocrx_word' id='word_1_320' title='bbox 1711 3330 1833 3389; x_wconf 82' lang='lat' dir='ltr'><strong>tus,’</strong></span> <span class='ocrx_word' id='word_1_321' title='bbox 1866 3331 2002 3396; x_wconf 86' lang='lat' dir='ltr'><strong>quod</strong></span> <span class='ocrx_word' id='word_1_322' title='bbox 2034 3333 2247 3396; x_wconf 81' lang='lat' dir='ltr'><strong>juvenis</strong></span> <span class='ocrx_word' id='word_1_323' title='bbox 2281 3333 2345 3382; x_wconf 85' lang='lat' dir='ltr'><strong>ad</strong></span> <span class='ocrx_word' id='word_1_324' title='bbox 2383 3332 2575 3382; x_wconf 87' lang='lat' dir='ltr'><strong>bellum</strong></span> <span class='ocrx_word' id='word_1_325' title='bbox 2615 3336 2776 3384; x_wconf 80' lang='lat' dir='ltr'><strong>venis·</strong></span> 
     </span>
     <span class='ocr_line' id='line_1_51' title="bbox 1714 3408 2777 3472; baseline 0 -15"><span class='ocrx_word' id='word_1_326' title='bbox 1714 3415 1833 3469; x_wconf 86' lang='lat' dir='ltr'><strong>set;</strong></span> <span class='ocrx_word' id='word_1_327' title='bbox 1864 3409 1880 3437; x_wconf 91' lang='lat'>‘</span> <span class='ocrx_word' id='word_1_328' title='bbox 1901 3409 1976 3457; x_wconf 82' lang='lat' dir='ltr'><strong>ita</strong></span> <span class='ocrx_word' id='word_1_329' title='bbox 1998 3408 2048 3457; x_wconf 90' lang='lat' dir='ltr'><strong>in</strong></span> <span class='ocrx_word' id='word_1_330' title='bbox 2069 3423 2254 3472; x_wconf 82' lang='lat' dir='ltr'><strong>campo</strong></span> <span class='ocrx_word' id='word_1_331' title='bbox 2276 3409 2472 3458; x_wconf 80' lang='lat' dir='ltr'><strong>Martio</strong></span> <span class='ocrx_word' id='word_1_332' title='bbox 2497 3423 2688 3459; x_wconf 87' lang='lat' dir='ltr'><strong>nomen</strong></span> <span class='ocrx_word' id='word_1_333' title='bbox 2711 3411 2777 3458; x_wconf 89' lang='lat' dir='ltr'><strong>in·</strong></span> 
     </span>
     <span class='ocr_line' id='line_1_52' title="bbox 1714 3485 2780 3549; baseline 0 -15"><span class='ocrx_word' id='word_1_334' title='bbox 1714 3488 1860 3535; x_wconf 85' lang='lat' dir='ltr'><strong>venit</strong></span> <span class='ocrx_word' id='word_1_335' title='bbox 1896 3485 2212 3549; x_wconf 88' lang='lat' dir='ltr'><strong>Nummius,&#39;</strong></span> <span class='ocrx_word' id='word_1_336' title='bbox 2246 3502 2277 3534; x_wconf 83' lang='lat' dir='ltr'><strong>a</strong></span> <span class='ocrx_word' id='word_1_337' title='bbox 2312 3486 2532 3535; x_wconf 88' lang='lat' dir='ltr'><strong>nummis</strong></span> <span class='ocrx_word' id='word_1_338' title='bbox 2564 3488 2780 3547; x_wconf 80' lang='lat' dir='ltr'><strong>seilicet,</strong></span> 
     </span>
     <span class='ocr_line' id='line_1_53' title="bbox 1715 3561 2508 3628; baseline 0 -17"><span class='ocrx_word' id='word_1_339' title='bbox 1715 3577 1841 3628; x_wconf 84' lang='lat' dir='ltr'><strong>quos</strong></span> <span class='ocrx_word' id='word_1_340' title='bbox 1863 3562 1934 3611; x_wconf 90' lang='lat' dir='ltr'><strong>ibi</strong></span> <span class='ocrx_word' id='word_1_341' title='bbox 1958 3562 2197 3611; x_wconf 83' lang='lat' dir='ltr'><strong>tribubus</strong></span> <span class='ocrx_word' id='word_1_342' title='bbox 2221 3561 2508 3611; x_wconf 83' lang='lat' dir='ltr'><strong>dividebat.</strong></span> 
     </span>
    </p>

    <p class='ocr_par' dir='ltr' id='par_1_12' title="bbox 1717 3638 2783 4320">
     <span class='ocr_line' id='line_1_54' title="bbox 1779 3638 2779 3701; baseline -0.003 -13"><span class='ocrx_word' id='word_1_343' title='bbox 1779 3647 1805 3682; x_wconf 78' lang='lat'><strong>‘1</strong></span> <span class='ocrx_word' id='word_1_344' title='bbox 1838 3639 2030 3688; x_wconf 78' lang='lat' dir='ltr'><strong>Statius</strong></span> <span class='ocrx_word' id='word_1_345' title='bbox 2046 3638 2255 3701; x_wconf 80' lang='lat' dir='ltr'><strong>Scauro]</strong></span> <span class='ocrx_word' id='word_1_346' title='bbox 2279 3639 2357 3688; x_wconf 88' lang='lat' dir='ltr'><strong>M.</strong></span> <span class='ocrx_word' id='word_1_347' title='bbox 2372 3638 2609 3687; x_wconf 83' lang='lat' dir='ltr'><strong>AEmilius</strong></span> <span class='ocrx_word' id='word_1_348' title='bbox 2626 3638 2779 3687; x_wconf 88' lang='lat' dir='ltr'><strong>Scau·</strong></span> 
     </span>
     <span class='ocr_line' id='line_1_55' title="bbox 1718 3715 2781 3781; baseline -0.002 -16"><span class='ocrx_word' id='word_1_349' title='bbox 1718 3732 1803 3765; x_wconf 83' lang='lat' dir='ltr'><strong>rua</strong></span> <span class='ocrx_word' id='word_1_350' title='bbox 1836 3717 2015 3765; x_wconf 83' lang='lat' dir='ltr'><strong>humili</strong></span> <span class='ocrx_word' id='word_1_351' title='bbox 2050 3715 2256 3781; x_wconf 87' lang='lat' dir='ltr'><strong>quidem</strong></span> <span class='ocrx_word' id='word_1_352' title='bbox 2294 3728 2489 3778; x_wconf 82' lang='lat' dir='ltr'><strong>genere</strong></span> <span class='ocrx_word' id='word_1_353' title='bbox 2523 3715 2781 3768; x_wconf 77' lang='lat' dir='ltr'><strong>oriundus,</strong></span> 
     </span>
     <span class='ocr_line' id='line_1_56' title="bbox 1717 3788 2781 3844; baseline -0.003 -3"><span class='ocrx_word' id='word_1_354' title='bbox 1717 3798 1775 3841; x_wconf 85' lang='lat' dir='ltr'><strong>at</strong></span> <span class='ocrx_word' id='word_1_355' title='bbox 1809 3791 2004 3844; x_wconf 84' lang='lat' dir='ltr'><strong>virtute</strong></span> <span class='ocrx_word' id='word_1_356' title='bbox 2038 3791 2236 3840; x_wconf 86' lang='lat' dir='ltr'><strong>aditum</strong></span> <span class='ocrx_word' id='word_1_357' title='bbox 2270 3788 2521 3839; x_wconf 83' lang='lat' dir='ltr'><strong>sibisecit</strong></span> <span class='ocrx_word' id='word_1_358' title='bbox 2544 3789 2610 3839; x_wconf 85' lang='lat' dir='ltr'><strong>ad</strong></span> <span class='ocrx_word' id='word_1_359' title='bbox 2635 3791 2781 3838; x_wconf 83' lang='lat' dir='ltr'><strong>hono·</strong></span> 
     </span>
     <span class='ocr_line' id='line_1_57' title="bbox 1721 3867 2783 3933; baseline -0.002 -14"><span class='ocrx_word' id='word_1_360' title='bbox 1721 3884 1805 3919; x_wconf 87' lang='lat' dir='ltr'><strong>res</strong></span> <span class='ocrx_word' id='word_1_361' title='bbox 1828 3870 2170 3933; x_wconf 78' lang='lat' dir='ltr'><strong>amplissimos</strong></span> <span class='ocrx_word' id='word_1_362' title='bbox 2190 3886 2207 3932; x_wconf 72' lang='grc' dir='ltr'><strong>ς</strong></span> <span class='ocrx_word' id='word_1_363' title='bbox 2228 3869 2363 3918; x_wconf 85' lang='lat' dir='ltr'><strong>idem</strong></span> <span class='ocrx_word' id='word_1_364' title='bbox 2385 3869 2668 3918; x_wconf 80' lang='lat' dir='ltr'><strong>vehemens</strong></span> <span class='ocrx_word' id='word_1_365' title='bbox 2690 3867 2783 3918; x_wconf 85' lang='lat' dir='ltr'><strong>fuit</strong></span> 
     </span>
     <span class='ocr_line' id='line_1_58' title="bbox 1722 3945 2781 4014; baseline -0.007 -14"><span class='ocrx_word' id='word_1_366' title='bbox 1722 3957 1915 4008; x_wconf 84' lang='lat' dir='ltr'><strong>orator,</strong></span> <span class='ocrx_word' id='word_1_367' title='bbox 1940 3950 2153 4014; x_wconf 84' lang='lat' dir='ltr'><strong>ejusque</strong></span> <span class='ocrx_word' id='word_1_368' title='bbox 2176 3947 2490 3998; x_wconf 87' lang='lat' dir='ltr'><strong>mentionem</strong></span> <span class='ocrx_word' id='word_1_369' title='bbox 2519 3945 2655 3997; x_wconf 81' lang='lat' dir='ltr'><strong>facit</strong></span> <span class='ocrx_word' id='word_1_370' title='bbox 2670 3946 2781 3997; x_wconf 82' lang='lat' dir='ltr'><strong>Tul-</strong></span> 
     </span>
     <span class='ocr_line' id='line_1_59' title="bbox 1722 4023 2780 4086; baseline -0.004 -11"><span class='ocrx_word' id='word_1_371' title='bbox 1722 4026 1819 4076; x_wconf 89' lang='lat' dir='ltr'><strong>lius</strong></span> <span class='ocrx_word' id='word_1_372' title='bbox 1861 4025 1910 4074; x_wconf 93' lang='lat' dir='ltr'><strong>in</strong></span> <span class='ocrx_word' id='word_1_373' title='bbox 1946 4026 2129 4074; x_wconf 85' lang='lat' dir='ltr'><strong>Bruto.</strong></span> <span class='ocrx_word' id='word_1_374' title='bbox 2206 4024 2337 4074; x_wconf 87' lang='lat' dir='ltr'><strong>Cum</strong></span> <span class='ocrx_word' id='word_1_375' title='bbox 2380 4023 2664 4086; x_wconf 84' lang='lat' dir='ltr'><strong>aliquando</strong></span> <span class='ocrx_word' id='word_1_376' title='bbox 2701 4025 2780 4072; x_wconf 84' lang='lat' dir='ltr'><strong>im·</strong></span> 
     </span>
     <span class='ocr_line' id='line_1_60' title="bbox 1722 4097 2779 4166; baseline -0.007 -15"><span class='ocrx_word' id='word_1_377' title='bbox 1722 4101 1929 4166; x_wconf 79' lang='lat' dir='ltr'><strong>potenti</strong></span> <span class='ocrx_word' id='word_1_378' title='bbox 1953 4101 2043 4150; x_wconf 78' lang='lat' dir='ltr'><strong>‘ira</strong></span> <span class='ocrx_word' id='word_1_379' title='bbox 2079 4106 2515 4154; x_wconf 80' lang='lat' dir='ltr'><strong>commoveretur,</strong></span> <span class='ocrx_word' id='word_1_380' title='bbox 2553 4113 2584 4147; x_wconf 83' lang='lat' dir='ltr'><strong>a</strong></span> <span class='ocrx_word' id='word_1_381' title='bbox 2625 4097 2779 4148; x_wconf 85' lang='lat' dir='ltr'><strong>Statio</strong></span> 
     </span>
     <span class='ocr_line' id='line_1_61' title="bbox 1720 4175 2778 4240; baseline -0.007 -12"><span class='ocrx_word' id='word_1_382' title='bbox 1720 4180 1800 4228; x_wconf 83' lang='lat' dir='ltr'><strong>his</strong></span> <span class='ocrx_word' id='word_1_383' title='bbox 1822 4178 2002 4228; x_wconf 84' lang='lat' dir='ltr'><strong>cornici</strong></span> <span class='ocrx_word' id='word_1_384' title='bbox 2028 4177 2197 4240; x_wconf 66' lang='lat' dir='ltr'><strong>poetae</strong></span> <span class='ocrx_word' id='word_1_385' title='bbox 2224 4175 2490 4229; x_wconf 85' lang='lat' dir='ltr'><strong>versiculis</strong></span> <span class='ocrx_word' id='word_1_386' title='bbox 2525 4186 2778 4240; x_wconf 70' lang='lat' dir='ltr'><strong>repressus</strong></span> 
     </span>
     <span class='ocr_line' id='line_1_62' title="bbox 1723 4252 2305 4320; baseline -0.012 -13"><span class='ocrx_word' id='word_1_387' title='bbox 1723 4266 1823 4320; x_wconf 81' lang='lat' dir='ltr'><strong>est,</strong></span> <span class='ocrx_word' id='word_1_388' title='bbox 1843 4258 1857 4283; x_wconf 93' lang='lat'>‘</span> <span class='ocrx_word' id='word_1_389' title='bbox 1878 4257 1952 4317; x_wconf 85' lang='lat' dir='ltr'><strong>St,</strong></span> <span class='ocrx_word' id='word_1_390' title='bbox 1977 4252 2189 4318; x_wconf 83' lang='lat' dir='ltr'><strong>tacete,&#39;</strong></span> <span class='ocrx_word' id='word_1_391' title='bbox 2206 4256 2305 4304; x_wconf 70' lang='grc' dir='ltr'><strong>ὅτε.</strong></span> 
     </span>
    </p>
   </div>
  </div>
 </body>
</html>
