3020 4942
567 368 744 434 1074
1344 383 1420 429 Μ.
1468 383 1536 429 Τ.
1586 381 1993 428 ctcssnoms

571 548 655 594 ea
701 543 989 612 quoque,
1036 529 1346 611 quoniam
1393 528 1665 593 mutatis
1704 527 1928 592 verbis
1972 529 2435 609 non'possunt
2476 527 2752 591 retinere

566 634 843 698 eandem
874 639 1302 710 venustatem,
1333 654 1461 713 nqn
1492 635 1562 696 in
1598 653 1686 710 re,
1716 633 1830 696 sed
1881 634 1947 696 in
1995 633 2217 696 verbis
2252 634 2474 715 posita
2505 633 2752 696 ducam·

564 742 727 802 turs*
792 737 945 801 259.
980 736 1101 801 Est
1126 737 1326 802 etiam
1356 737 1423 800 in
1455 737 1659 801 verbo
1692 737 1989 819 positum
2016 754 2146 797 non
2179 734 2497 799 insulsum
2522 755 2751 817 genae,

563 859 648 903 ex
679 859 781 917 ec,
815 860 964 904 cum
996 840 1080 904 ad
1114 841 1403 915 verbum,
1432 858 1563 903 non
1595 838 1679 903 ad
1710 839 2092 901 sententiam
2125 857 2259 901 rem
2303 837 2619 920 accipere
2659 840 2750 901 vi-

563 943 793 1009 deare:
816 950 834 981 ³
877 962 963 1007 ex
993 961 1127 1026 quo
1167 961 1299 1030 uno
1328 961 1564 1023 genere
1591 949 1773 1004 totus
1797 949 1904 1004 est
1933 941 2215 1018 Tutor,W
2257 942 2504 1003 mimus
2535 948 2748 1024 vetus,

564 1045 815 1128 oppido
867 1045 1206 1109 ridiculus.
1297 1045 1407 1129 [p.
1460 1037 1640 1125 133]
1684 1043 1822 1107 Sed
1876 1044 2046 1107 abeo
2097 1064 2138 1106 a
2181 1044 2441 1107 mimis:
2490 1051 2746 1108 tantum

562 1165 764 1226 genus
792 1147 990 1230 hujus
1021 1146 1278 1211 ridiculi
1321 1146 1560 1228 insigni
1605 1143 1939 1229 aliqua‘et
1967 1152 2131 1208 nota
2174 1163 2245 1207 re
2276 1145 2499 1207 notari
2545 1146 2747 1209 volo.¹¹

558 1247 683 1319 Est
711 1256 937 1313 autem
966 1269 1055 1313 ex
1098 1250 1224 1312 hoc
1256 1267 1485 1331 genere
1529 1247 1718 1326 illud,
1757 1246 1941 1331 quod
1989 1255 2083 1323 tu,
2113 1246 2384 1322 Crasse,
2421 1265 2634 1330 nuper
2662 1248 2766 1323 ei„

560 1352 675 1434 qui
705 1357 771 1416 te
801 1357 1120 1433 rogasset,
1149 1357 1347 1413 num⁵
1395 1351 1517 1414 tibi
1564 1351 1892 1418 molestus
1929 1357 2107 1413 esset
2143 1350 2429 1426 futurus,
2466 1349 2527 1412 si
2562 1348 2649 1412 ad
2681 1357 2740 1413 te

558 1454 728 1519 bene
773 1461 929 1517 ante
979 1446 1241 1517 lucem⁶
1286 1452 1582 1517 venisset
1607 1465 1644 1512 ε·
1675 1461 1692 1487 ‘
1722 1451 1830 1517 Tu
1863 1448 2066 1529 vero,’
2109 1451 2413 1536 inquisti,
2460 1451 2739 1516 ‘moles-

557 1563 668 1621 tus
698 1575 830 1621 non
860 1557 990 1621 eris
1011 1557 1028 1585 '
1060 1561 1079 1592 ‘
1096 1556 1382 1621 Jubebis
1412 1556 1608 1639 igitur
1639 1554 1747 1630 te‚'
1779 1556 2019 1640 inquit,
2046 1560 2065 1588 ‘
2091 1553 2447 1620 suscitari?
2468 1551 2529 1591 '⁹
2556 1565 2624 1619 et
2651 1545 2741 1633 'tm

2065 1656 2085 1684 2

453 1689 461 1696 ·
556 1663 578 1694 ⁴
605 1656 804 1723 Certe
848 1666 1207 1740 negaram⁷
1251 1666 1314 1723 te
1359 1657 1714 1723 molestum
1753 1658 2065 1722 futurum.
2169 1658 2321 1722 260.
2367 1655 2480 1719 Ex
2510 1655 2739 1721 eodem

554 1759 681 1824 hoc
713 1770 907 1826 vetus
934 1761 1097 1825 illud
1126 1769 1251 1837 est,
1278 1760 1468 1843 'quod
1501 1762 1688 1826 aiunt
1710 1772 1741 1798 ⁰
1785 1760 2320 1842 Maluginensem
2344 1765 2372 1793 ¹
2413 1757 2614 1822 illum
2642 1756 2737 1822 Μ.

555 1861 993 1947 Scipionem,⁸
1042 1883 1192 1928 cum
1236 1864 1707 1928 ‹ex-centuria!
1750 1882 1874 1927 sua
1903 1862 2304 1926 renuntiaret
2328 1859 2694 1925 Acidinum
2716 1866 2738 1894 ⁸

618 2028 634 2060 ⁸
671 2029 792 2076 Cum
825 2030 997 2093 aliqui·
1016 2030 1175 2096 fingit
1207 2046 1258 2081 se
1290 2032 1434 2082 verba
1468 2013 1655 2088 tanturn
1690 2036 1917 2095 spectare,
1946 2044 2040 2080 non
2075 2029 2177 2090 <ins
2210 2035 2412 2078 meum
2449 2044 2482 2077 a
2512 2043 2603 2091 quo
2630 2042 2733 2091 pro·

543 2091 793 2206 ser-“ultim
820 2156 1041 2207 immoror
1077 2159 1130 2207 in
1158 2161 1223 2208 iis
1255 2162 1474 2211 ridiculis
1494 2161 1664 2224 quibus
1683 2160 1816 2210 admi
1840 2159 2169 2216 delectantium
2197 2174 2289 2223 ago
2320 2123 2519 2209 tantum*
2538 2158 2599 2207 de
2625 2157 2735 2219 illis,

455 2257 459 2261 .
552 2236 659 2285 qua·
679 2222 861 2270 oratori
881 2228 929 2271 et
951 2223 1129 2273 homins·
1147 2226 1338 2276 liberali
1357 2228 1653 2276 conveniunt.

616 2294 640 2319 ·
679 2287 721 2335 Ε
740 2302 896 2336 somno
917 2290 1122 2338 excitari
1139 2295 1159 2338 Ρ
1479 2300 1515 2324 ¹⁰
1550 2291 1879 2355 Respondisse.

1462 2429 1520 2449 00
1527 2429 1671 2449 ‘0000
1676 2427 1823 2449 ‘0000

547 2515 674 2565 biom
706 2516 983 2579 steph—3
1022 2517 1201 2568 Lamb.
1238 2519 1482 2582 pecuniam
1512 2538 1543 2571 a
1574 2537 1624 2572 se
1651 2522 2024 2584 profectam—4
2062 2521 2214 2572 Mun.
2250 2520 2390 2582 conj.
2419 2523 2731 2583 putantur.—

548 2588 578 2631 5
613 2582 699 2630 Ita
722 2582 873 2631 codd.
897 2598 1072 2633 omnes
1098 2599 1186 2645 ap.
1215 2584 1401 2635 Pearc.
1422 2586 1530 2636 Erl.
1552 2592 1599 2637 1.
1620 2597 1675 2636 et
1699 2589 1817 2636 edd.
1841 2594 1972 2636 vett.
1994 2587 2152 2638 etiam
2173 2587 2324 2638 Junt.
2348 2585 2530 2636 stret».
2557 2584 2728 2632 Lamb.

544 2661 638 2696 non
662 2661 690 2694 e
713 2647 939 2697 Turni-bi
964 2650 1100 2712 conj.
1123 2650 1275 2700 dedit
1296 2651 1556 2703 sinin—6
1580 2653 1597 2679 ‘
1616 2652 1821 2702 Ernesti
1854 2651 2045 2713 suspic.
2100 2651 2211 2702 bene
2242 2666 2378 2699 mane
2413 2655 2527 2699 ante
2557 2649 2730 2704 lucem:

546 2711 793 2761 Gulielrm
813 2713 925 2762 bene
946 2729 1096 2774 mne,
1117 2715 1300 2765 deletis
1325 2730 1468 2765 voce.
1490 2720 1614 2766 ante'
1633 2719 1809 2767 ιασεηι.
1866 2717 1970 2767 Sed
1994 2731 2109 2765 cum
2146 2721 2257 2765 ante
2288 2718 2436 2765 lucem
2469 2714 2622 2763 unius
2646 2714 2729 2762 ad·

546 2777 710 2825 verbii
734 2779 848 2826 vice
872 2776 1134 2841 fumantur,
1155 2781 1445 2829 nonminus
1470 2791 1614 2831 recte
1638 2782 1750 2832 bene
1771 2787 1883 2831 ante
1905 2784 2053 2831 lucem
2074 2782 2177 2831 dici
2214 2788 2409 2843 potest,
2442 2795 2594 2843 quain
2622 2779 2730 2827 bene

544 2841 716 2891 mane-³
751 2842 1017 2893 Orell.·-—'7
1053 2845 1141 2894 Ita
1158 2845 1264 2895 Erl.
1287 2849 1334 2895 1.
1353 2846 1502 2895 Harl.
1524 2853 1572 2896 l.
1608 2847 1796 2896 Pearc.
1818 2855 1873 2896 et
1897 2853 2121 2896 recentt.
2162 2860 2363 2906 negaras
2388 2844 2545 2895 codd.
2577 2845 2727 2907 pleri-

544 2922 664 2969 que,
685 2914 740 2955 et
763 2907 887 2956 edd.
911 2917 1029 2956 ante
1054 2910 1239 2959 Pearc.
1295 2915 1343 2959 et
1378 2917 1435 2960 tu
1474 2916 1600 2961 certe
1635 2927 1836 2974 negaras
1860 2910 2036 2962 Gnels.
2057 2915 2106 2961 2.
2132 2915 2279 2960 3.-8
2313 2911 2440 2959 Post
2464 2909 2729 2971 Scipionem

543 2972 795 3022 excidisse
821 2988 868 3022 v.
893 2973 1091 3031 dixisse,
1112 2976 1194 3027 vel
1216 2989 1332 3025 curn
1355 2976 1597 3026 Turnebo
1621 2991 1740 3027 mox
1763 2978 1969 3041 inquisse
1993 2978 2092 3041 leg.
2115 2975 2478 3040 suspicabatur
2516 2976 2726 3025 Schuts.

1523 3097 1740 3149 NOTAE

541 3179 642 3228 mal
664 3180 863 3230 tardum
890 3197 950 3232 ac
974 3198 1130 3246 segne
1147 3199 1270 3247 agas
1288 3193 1343 3235 et
1360 3186 1593 3250 impellas
1674 3201 1791 3237 men
1816 3189 2165 3252 connotando,
2186 3202 2288 3238 non
2310 3189 2424 3238 sine
2450 3189 2724 3238 multorum

539 3261 599 3303 nt
618 3258 899 3306 acceleret:
928 3259 1198 3309 nihilenim
1219 3261 1470 3325 proficias.
1504 3262 1590 3313 Ita
1672 3260 2010 3317 risn'dixisse.
2683 3320 2688 3325 .

538 3348 638 3382 non
663 3343 746 3383 est
770 3336 1044 3386 verisimile
1068 3346 1140 3400 te,
1161 3341 1247 3403 qui
1270 3349 1324 3389 et
1346 3355 1402 3389 re
1424 3349 1478 3390 et
1499 3355 1587 3391 no·
1734 3349 1766 3374 '¹'
1791 3341 1961 3406 Tutor]
1982 3343 2180 3392 Nomen
2196 3341 2459 3401 eomoediae
2474 3341 2724 3400 ridicule,

536 3413 669 3459 mine
694 3411 922 3462 Asellum
957 3413 1132 3479 refers,
1158 3417 1447 3479 provincias
1481 3432 1588 3467 om·
1670 3419 1752 3467 vel
1774 3417 1963 3482 poetae,
1979 3420 2062 3484 qui
2075 3419 2227 3483 jocos
2248 3426 2304 3469 et
2326 3418 2545 3469 ridicula
2562 3419 2722 3482 scrip·

537 3501 629 3536 nes
668 3490 978 3541 militantem
1021 3507 1342 3558 peragrasse.
1425 3498 1585 3546 Porro
1666 3501 1821 3544 serat.

534 3563 647 3614 haec
681 3566 1062 3631 verba,“Agas
1102 3570 1348 3633 asellum:
1382 3572 1585 3621 initium
1728 3576 1755 3605 ¹
1790 3573 2189 3636 Maluginensem]
2223 3571 2300 3622 M.
2321 3571 2596 3633 Cornelius
2612 3572 2720 3621 Sci-

532 3642 653 3689 sunt
685 3641 920 3690 versiculi
956 3643 1158 3698 senarii,
1180 3645 1266 3707 qui
1290 3659 1405 3694 cum
1430 3647 1584 3699 tritus
1665 3648 1753 3712 pio
1769 3649 2138 3712 Maluginensis
2153 3658 2377 3713 quaestor
2390 3647 2492 3699 fuit
2507 3648 2720 3700 A.U.c.

534 3724 674 3766 esset
699 3732 758 3766 ac
780 3727 1090 3781 pervagatus
1115 3725 1235 3769 tunc
1254 3722 1519 3784 temporis,
1532 3731 1587 3772 et
1667 3729 1779 3774 571.
1801 3735 1853 3774 et
1881 3736 2073 3788 praetor
2091 3739 2225 3775 anno
2247 3729 2362 3783 576.
2673 3777 2678 3783 ,

531 3801 710 3841 notum
743 3793 977 3842 omnibus
1005 3795 1330 3858 proverbium
1351 3797 1583 3865 contine·
1728 3810 1750 3845 5
1787 3802 2041 3865 Centurio]
2075 3805 2204 3852 Cnrn
2237 3801 2304 3850 ab
2332 3801 2470 3850 omni
2503 3814 2636 3848 sexu
2664 3803 2719 3847 et

533 3878 632 3925 ret.
651 3885 749 3920 non
774 3870 974 3935 integer
997 3887 1025 3920 a
1043 3872 1290 3921 Cicerone
1310 3875 1581 3924 recitatnrt
1664 3888 1820 3928 aetate
1853 3878 2034 3928 ferturv
2053 3876 2374 3941 suffragium,
2395 3876 2609 3925 comitia
2642 3875 2717 3923 di-

533 3961 770 4010 quaenam
805 3956 974 3997 autem
1003 3948 1194 3998 fuerint
1218 3958 1478 4012 postrema
1501 3965 1580 4001 se·
1662 3962 1847 4003 cuntur
1869 3957 2177 4014 centuriata,
2198 3954 2336 4017 quod
2375 3953 2592 4016 populns
2627 3964 2717 4014 per

531 4022 661 4069 narii
686 4023 859 4082 verba,
886 4030 1017 4072 nnnc
1041 4027 1268 4086 ignotum
1291 4034 1390 4076 est.
1445 4027 1581 4080 Cen·
1661 4031 1919 4080 centurias
1940 4030 2134 4080 divisus
2149 4030 2307 4080 ferret
2328 4026 2594 4092 suffragia.
2626 4027 2713 4076 As·

529 4105 648 4146 sent
664 4099 748 4147 alii
765 4099 827 4146 P.
843 4099 1167 4151 AEmiliannm
1184 4118 1446 4157 censorem
1462 4119 1580 4154 cum
1659 4108 1837 4155 conius.
2673 4152 2680 4161 ,

528 4173 746 4224 Claudio
779 4174 957 4224 Asello
990 4191 1173 4242 equum
1205 4166 1500 4241 ademisset,
1522 4190 1580 4232 ut
1665 4230 1668 4233 ,
1721 4190 1742 4216 ¹
1772 4181 2051 4245 Acidinum]
2102 4182 2206 4234 Qui
2252 4178 2573 4230 renuntiatus
2615 4175 2709 4225 suit

527 4251 742 4304 asellum
772 4248 1019 4321 deinceps
1041 4265 1233 4321 ageret,
1256 4259 1365 4323 ejus
1388 4274 1579 4325 cogno·
1658 4261 1836 4311 consul
1861 4260 1925 4310 A.
1947 4261 2012 4310 U.
2037 4262 2097 4311 C.
2118 4262 2231 4310 575.
2256 4265 2379 4308 ante
2404 4256 2527 4308 Chr.
2553 4258 2658 4305 179.
