3020 4942
534 337 666 405 992
1311 348 1388 403 Μ.
1434 356 1500 404 τ.
1550 350 1961 404 clcssnoms

533 501 806 567 tabulas
855 498 1124 584 quidem
1173 501 1535 564 conficere⁸
1587 500 1966 565 existimor.
2050 498 2304 565 Verum
2356 493 2547 565 etin
2581 501 2731 580 hoc,

532 622 640 667 ex·
667 622 739 668 re
781 586 1096 666 familiari
1140 621 1314 680 mea,
1348 609 1417 666 et
1459 602 1526 665 iu
1573 603 1715 679 illo,
1746 623 1835 667 ex
1875 623 1979 678 eo,
2012 604 2193 687 quod
2237 604 2417 683 dico,
2450 600 2732 688 quantu·-

528 705 669 775 lum
726 704 794 770 id
856 723 1154 787 cumque,
1202 708 1326 778 est,
1383 705 1542 788 quid
1596 706 1865 780 faciam,
1909 705 2206 788 judicari
2259 714 2512 791 potest.
2630 707 2732 774 98.

532 806 765 892 Atque
793 827 943 891 esse
974 814 1199 870 tamen
1229 807 1475 871 multos
1506 807 1839 885 videmuS,
1872 808 1984 891 qui
2018 810 2345 874 neminem
2375 809 2733 885 imitentur,

532 914 601 973 et
642 915 898 995 suapte=
923 920 1182 986 natura,
1208 908 1387 992 quod
1436 909 1660 982 velint,
1689 909 1835 972 sine
1867 910 2266 994 cujusquam
2296 911 2735 976 similitudine

534 1019 1073 1096 consequantur:
1119 1010 1304 1094 quod
1333 1018 1399 1074 et
1428 1011 1496 1074 in
1531 1011 1731 1075 vobis
1761 1011 2244 1076 animadverti⁷
2276 1022 2453 1077 recte
2479 1020 2732 1097 potest,

534 1113 790 1190 Caesar,
821 1123 889 1176 et
919 1111 1161 1193 Cotta3
1207 1132 1489 1197 quorum
1519 1113 1722 1177 alter*
1764 1113 2155 1178 inusitatum
2180 1113 2453 1197 quidem
2484 1118 2735 1181 nostris

531 1218 913 1280 oratoribus
956 1214 1251 1298 leporem
1297 1214 1626 1297 quendam
1657 1221 1727 1278 et
1756 1214 1990 1293 salem,
2024 1216 2225 1280 alter‘
2269 1219 2733 1283 acutissimum

530 1325 598 1381 et
622 1317 1127 1382 subtilissimum
1153 1316 1420 1382 dicendi
1443 1337 1650 1399 genus
1672 1326 1780 1382 est
1803 1325 2232 1383 consecutus.
2310 1320 2557 1403 Neque
2579 1341 2732 1386 vero

530 1419 793 1484 vester⁸
840 1420 1120 1503 aequalis
1165 1418 1393 1498 Curio,
1424 1425 1639 1503 patre,
1670 1440 1823 1486 mea
1867 1423 2227 1501 sententia,
2261 1425 2369 1489 vel
2411 1424 2731 1508 eloquen-

532 1523 843 1587 tissimo“
887 1523 1299 1605 temporibus
1330 1522 1486 1598 illis,
1520 1542 1902 1608 quenquam
1929 1525 2091 1589 mihi
2122 1545 2529 1610 magnopere
2561 1528 2732 1592 vide·

530 1632 630 1690 tur
651 1625 937 1690 imitari:
984 1627 1103 1710 qui
1134 1633 1351 1690 tamen
1381 1628 1734 1690 verborum
1768 1628 2116 1708 gravitate,
2165 1635 2238 1691 et
2266 1629 2626 1712 elegantia,
2669 1638 2732 1695 et

529 1729 753 1812 copia,
784 1747 973 1791 suam
1006 1724 1341 1811 quandam
1372 1729 1712 1811 expressit
1742 1729 1939 1812 quasi
1981 1730 2285 1810 formam,
2316 1731 2730 1816 figuramque

530 1830 796 1894 dicendi
818 1842 866 1897 :²²
932 1831 1113 1915 quod
1166 1850 1291 1913 ego
1342 1831 1632 1894 max'ime
1674 1832 1861 1914 potui
1902 1830 2211 1914 judicare
2251 1835 2317 1897 in
2363 1853 2448 1898 ea
2498 1854 2728 1913 causa,

509 1952 732 2016 ‘quam
773 1933 886 1996 ille
925 1943 1154 1998 contra
1184 1953 1290 1996 me
1321 1932 1502 2017 apud
1537 1935 2028 1999 centumvirost
2064 1940 2186 2017 pro
2214 1935 2536 2001 fratribus
2567 1938 2728 2002 Cos-

529 2035 673 2100 sisu
717 2035 934 2117 dixit3
979 2038 1047 2100 in
1093 2055 1233 2120 qua
1275 2036 1438 2099 nihil
1480 2037 1583 2100 illi
1615 2036 1850 2113 defuit,
1879 2037 2062 2120 quod
2093 2057 2228 2103 non
2259 2038 2466 2103 modo
2500 2041 2725 2124 copim

526 2157 669 2218 suS,
702 2138 819 2202 sed
847 2141 1045 2202 etiam
1078 2139 1355 2222 sapiens
1381 2147 1606 2204 orator
1635 2139 1880 2208 habere
1910 2140 2208 2206 deberet.

619 2256 853 2309 XXIV.
898 2241 1007 2306 99.
1055 2241 1330 2317 Verum,
1373 2242 1842 2326 utaliquando
1890 2242 1976 2311 ad
2023 2263 2273 2314 causas
2317 2243 2726 2314 deducamus

525 2343 736 2420 illum,
766 2363 965 2428 quem
1011 2345 1520 2423 instituimusJss
1568 2350 1636 2410 et
1675 2366 1795 2411 eas
1828 2345 2118 2429 quidem,
2147 2347 2218 2410 in
2248 2346 2497 2430 quibus
2545 2348 2726 2431 plus-

528 2446 752 2513 culum
799 2448 1043 2529 negotii
1084 2456 1212 2524 est,
1236 2448 1673 2533 judiciorum,
1701 2456 1901 2533 atque
1931 2449 2172 2526 litium,
2202 2449 2455 2537 (riserit
2484 2451 2726 2535 aliquis

525 2549 813 2615 fortasse
840 2551 971 2616 hoc
1001 2557 1453 2637 praeceptum:
1497 2560 1605 2617 est
1635 2554 1808 2617 enim
1840 2574 1973 2618 non
2013 2562 2150 2617 tam
2194 2562 2493 2632 acutum,
2525 2574 2725 2639 quam

525 2654 1007 2735 necessarium,
1037 2655 1383 2739 magisque
1428 2656 1780 2721 monitoris
1827 2678 1951 2721 non
1996 2657 2189 2732 fatui,
2231 2677 2435 2740 quam
2482 2657 2722 2722 eruditi

524 2755 865 2842 magistri)
893 2759 1023 2823 hoc
1045 2761 1108 2823 ei
1135 2760 1420 2843 primum
1455 2760 1949 2843 praecipiemus,
1973 2780 2435 2844 quascumque
2482 2780 2722 2825 causas

523 2860 652 2925 erit
681 2868 973 2940 acturuS,
1002 2869 1078 2927 ut
1108 2880 1229 2927 eas
1260 2862 1632 2945 diligenter,
1664 2865 2066 2948 penitusque
2101 2870 2487 2947 cognoscat.
2580 2865 2718 2928 100.

587 3050 827 3099 ‘Coeoan
960 3053 979 3085 θ
1015 3054 1179 3103 Cotta.
1309 3061 1339 3086 ⁸
1375 3054 1474 3109 Qui
1487 3058 1674 3117 patrem
1693 3053 1860 3104 habuit
1885 3055 1937 3103 iu
1958 3055 2318 3115 dicendosacile
2332 3054 2614 3117 principem.
2726 3013 2734 3040 ο

588 3116 905 3178 ’Proprium
924 3118 1155 3180 quoddam
1175 3133 1232 3167 ac
1250 3132 1384 3168 suum
1409 3120 1502 3167 sibi
1521 3118 1711 3179 fecerat
1745 3122 1933 3169 dicendi
1958 3135 2130 3183 genus,
2166 3134 2261 3169 nou
2282 3121 2477 3169 aliunde
2498 3121 2719 3170 imitando

523 3194 815 3242 expressum.

588 3252 624 3277 ’θ
663 3245 733 3293 Ut
753 3249 987 3295 oratorem
1019 3260 1155 3310 quem
1174 3247 1491 3312 instituimus,
1521 3250 1785 3313 doceamus,
1813 3252 2199 3313 quemadmodum
2217 3251 2417 3313 agenda
2437 3251 2543 3300 siut
2560 3250 2718 3311 infor-o

479 3337 490 3344 ι
520 3310 771 3372 graviores
791 3324 961 3359 cam.

1446 3394 1504 3413 Ν
1507 3392 1810 3414 OOOOOOOO

524 3502 582 3544 'et
620 3495 828 3545 Schntz.
882 3497 1051 3547 desunt
1083 3496 1263 3549 Guelf.
1294 3504 1342 3550 2.
1377 3503 1429 3549 3.
1472 3500 1594 3550 edd.
1631 3508 1760 3551 vett.
1796 3500 1947 3552 Junt.
1987 3500 2168 3550 lamb.
2204 3500 2359 3550 Grut.
2362 3505 2461 3550 —7
2495 3503 2715 3553 Gronov.

523 3575 591 3609 ex
636 3575 739 3608 uno
778 3563 894 3611 cod.
940 3564 1088 3612 malit
1122 3565 1331 3613 animum
1370 3567 1574 3615 adverti.
1644 3568 1790 3628 Mox,
1824 3580 1919 3630 pro
1957 3566 2123 3626 cotta,
2155 3567 2309 3616 Mun.
2357 3568 2499 3630 conj.
2537 3569 2715 3617 Catule.

518 3631 620 3676 ειν-8
651 3626 837 3689 Margo
862 3626 1006 3677 Crat.
1025 3638 1080 3677 et
1103 3629 1287 3679 Lamb.
1310 3636 1508 3690 nostem·
1542 3630 1652 3680 Erl.
1677 3646 1798 3680 am.
1826 3645 1906 3694 pr.
1929 3631 2090 3679 habet
2110 3634 2236 3681 ulter
2255 3634 2468 3694 equalis.

588 3693 726 3741 cu.
750 3705 911 3742 xxiv.
983 3699 1008 3742 1
1045 3691 1222 3746 Guelf.
1251 3701 1294 3744 l.
1316 3699 1364 3743 2.
1386 3699 1436 3744 3.
1471 3703 1526 3745 et
1561 3697 1738 3784 vulgg.
1771 3695 2137 3755 0omeituimus5
2175 3697 2355 3746 Launb.
2398 3702 2545 3748 1566.
2584 3697 2714 3751 imi

1522 3847 1738 3899 NOTAE

584 3944 604 3969 ⁸
635 3935 839 3986 Tabulas
859 3936 1045 3999 quidem
1066 3936 1315 4002 conficere]
1340 3939 1436 3987 Est
1455 3938 1582 3988 scri·
1663 3937 1812 3990 bruni
1830 3938 2153 4001 superiorem
2179 3940 2207 4003 §
2234 3943 2349 3990 173.

517 4010 645 4062 bere
700 4013 1097 4061 commentarios
1146 4012 1481 4070 domesticos,
1526 4016 1580 4065 iu
1727 4022 1754 4050 ὓ
1782 4016 1886 4065 Pro
1901 4015 2145 4075 fratribus
2184 4016 2369 4079 Gonia]
2415 4016 2501 4067 Au
2527 4017 2608 4081 qui
2632 4030 2712 4081 ge·

520 4101 652 4150 quius
690 4086 984 4138 referantur
1019 4088 1247 4139 rationes
1269 4097 1501 4183 accepta
1524 4100 1582 4141 et
1658 4108 1756 4147 nus
1786 4095 2051 4145 ducebant
2071 4097 2136 4146 ab
2159 4097 2448 4148 illustribus
2475 4098 2577 4147 inis
2598 4099 2707 4147 Cor·

518 4177 768 4225 expeuuae
790 4165 1043 4227 pecunie.
1659 4170 1810 4223 neliis
1832 4172 2275 4245 Maluginensibus
2299 4174 2494 4236 Cossio,
2516 4175 2598 4238 qui
2615 4187 2707 4222 ma·

593 4241 609 4271 ⁸
638 4239 988 4305 centumviros]
1051 4242 1187 4293 Vide
1224 4250 1373 4298 notas
1415 4244 1469 4298 in
1516 4244 1578 4300 li·
1661 4246 1910 4310 gistratus
1932 4247 2275 4314 amplissimos
2297 4251 2542 4315 gessere?
