<?xml version="1.0" encoding="UTF-8"?>
<!DOCTYPE html PUBLIC "-//W3C//DTD XHTML 1.0 Transitional//EN"
    "http://www.w3.org/TR/xhtml1/DTD/xhtml1-transitional.dtd">
<html xmlns="http://www.w3.org/1999/xhtml" xml:lang="en" lang="en">
 <head>
  <title>
</title>
<meta http-equiv="Content-Type" content="text/html;charset=utf-8" />
  <meta name='ocr-system' content='tesseract 3.04.00' />
  <meta name='ocr-capabilities' content='ocr_page ocr_carea ocr_par ocr_line ocrx_word'/>
</head>
<body>
  <div class='ocr_page' id='page_1' title='image "./clavisciceronia01ernegoog_0662.png"; bbox 0 0 3020 4942; ppageno 0'>
   <div class='ocr_carea' id='block_1_1' title="bbox 507 332 679 397">
    <p class='ocr_par' dir='ltr' id='par_1_1' title="bbox 507 332 679 397">
     <span class='ocr_line' id='line_1_1' title="bbox 507 332 679 397; baseline 0 -1"><span class='ocrx_word' id='word_1_1' title='bbox 507 332 679 397; x_wconf 72' lang='lat'>123⁴</span> 
     </span>
    </p>
   </div>
   <div class='ocr_carea' id='block_1_2' title="bbox 1286 346 1928 393">
    <p class='ocr_par' dir='ltr' id='par_1_2' title="bbox 1286 346 1928 393">
     <span class='ocr_line' id='line_1_2' title="bbox 1286 346 1928 393; baseline 0.002 -2"><span class='ocrx_word' id='word_1_2' title='bbox 1286 346 1362 392; x_wconf 76' lang='lat' dir='ltr'>M.</span> <span class='ocrx_word' id='word_1_3' title='bbox 1410 346 1478 392; x_wconf 77' lang='grc' dir='ltr'>Τ.</span> <span class='ocrx_word' id='word_1_4' title='bbox 1529 346 1928 393; x_wconf 72' lang='lat' dir='ltr'>CICERONIS</span> 
     </span>
    </p>
   </div>
   <div class='ocr_carea' id='block_1_3' title="bbox 503 486 2704 779">
    <p class='ocr_par' dir='ltr' id='par_1_3' title="bbox 503 486 2704 779">
     <span class='ocr_line' id='line_1_3' title="bbox 505 486 2701 573; baseline -0 -17"><span class='ocrx_word' id='word_1_5' title='bbox 505 494 645 567; x_wconf 71' lang='lat' dir='ltr'>tio:</span> <span class='ocrx_word' id='word_1_6' title='bbox 676 490 763 555; x_wconf 79' lang='lat' dir='ltr'>ad</span> <span class='ocrx_word' id='word_1_7' title='bbox 794 491 1186 555; x_wconf 79' lang='lat' dir='ltr'>hilaritatem</span> <span class='ocrx_word' id='word_1_8' title='bbox 1212 497 1263 526; x_wconf 80' lang='lat'>¹0</span> <span class='ocrx_word' id='word_1_9' title='bbox 1293 489 1653 572; x_wconf 89' lang='lat' dir='ltr'>impulsio:</span> <span class='ocrx_word' id='word_1_10' title='bbox 1679 486 1699 524; x_wconf 67' lang='lat' dir='ltr'>f</span> <span class='ocrx_word' id='word_1_11' title='bbox 1724 498 1879 554; x_wconf 81' lang='lat' dir='ltr'>ante</span> <span class='ocrx_word' id='word_1_12' title='bbox 1910 489 2272 573; x_wconf 80' lang='lat' dir='ltr'>occupatio</span> <span class='ocrx_word' id='word_1_13' title='bbox 2297 511 2312 551; x_wconf 91' lang='lat'>:</span> <span class='ocrx_word' id='word_1_14' title='bbox 2334 497 2361 535; x_wconf 75' lang='lat'><strong>⁸</strong></span> <span class='ocrx_word' id='word_1_15' title='bbox 2393 496 2533 554; x_wconf 81' lang='lat' dir='ltr'>turn</span> <span class='ocrx_word' id='word_1_16' title='bbox 2565 489 2701 555; x_wconf 87' lang='lat' dir='ltr'>duo</span> 
     </span>
     <span class='ocr_line' id='line_1_4' title="bbox 503 588 2703 678; baseline -0.001 -19"><span class='ocrx_word' id='word_1_17' title='bbox 503 595 644 671; x_wconf 83' lang='lat' dir='ltr'>illa,</span> <span class='ocrx_word' id='word_1_18' title='bbox 663 614 818 678; x_wconf 86' lang='lat' dir='ltr'>quae</span> <span class='ocrx_word' id='word_1_19' title='bbox 850 594 1143 657; x_wconf 80' lang='lat' dir='ltr'>maxime</span> <span class='ocrx_word' id='word_1_20' title='bbox 1171 599 1463 675; x_wconf 88' lang='lat' dir='ltr'>movent,</span> <span class='ocrx_word' id='word_1_21' title='bbox 1495 591 1865 655; x_wconf 87' lang='lat' dir='ltr'>similitudo</span> <span class='ocrx_word' id='word_1_22' title='bbox 1889 589 1913 627; x_wconf 83' lang='lat'>¹²</span> <span class='ocrx_word' id='word_1_23' title='bbox 1944 598 2010 655; x_wconf 86' lang='lat' dir='ltr'>et</span> <span class='ocrx_word' id='word_1_24' title='bbox 2036 588 2457 675; x_wconf 74' lang='lat' dir='ltr'>exemplum,i</span> <span class='ocrx_word' id='word_1_25' title='bbox 2483 591 2703 674; x_wconf 87' lang='lat' dir='ltr'>diges-</span> 
     </span>
     <span class='ocr_line' id='line_1_5' title="bbox 504 689 2704 779; baseline -0.001 -19"><span class='ocrx_word' id='word_1_26' title='bbox 504 697 652 778; x_wconf 67' lang='lat' dir='ltr'>tio,²</span> <span class='ocrx_word' id='word_1_27' title='bbox 670 693 693 731; x_wconf 87' lang='lat'>¹‘</span> <span class='ocrx_word' id='word_1_28' title='bbox 727 689 1216 779; x_wconf 82' lang='lat' dir='ltr'>interpellatio‚¹</span> <span class='ocrx_word' id='word_1_29' title='bbox 1243 694 1650 770; x_wconf 86' lang='lat' dir='ltr'>contentio,¹¹</span> <span class='ocrx_word' id='word_1_30' title='bbox 1672 701 1712 730; x_wconf 84' lang='lat'>¹¹¹</span> <span class='ocrx_word' id='word_1_31' title='bbox 1738 695 2131 769; x_wconf 82' lang='lat' dir='ltr'>reticentia,¹²</span> <span class='ocrx_word' id='word_1_32' title='bbox 2153 693 2704 767; x_wconf 84' lang='lat' dir='ltr'>commendatio,⁰</span> 
     </span>
    </p>
   </div>
   <div class='ocr_carea' id='block_1_4' title="bbox 571 859 936 911">
    <p class='ocr_par' dir='ltr' id='par_1_4' title="bbox 571 859 936 911">
     <span class='ocr_line' id='line_1_6' title="bbox 571 859 936 911; baseline 0 0"><span class='ocrx_word' id='word_1_33' title='bbox 571 859 586 894; x_wconf 77' lang='lat'>¹</span> <span class='ocrx_word' id='word_1_34' title='bbox 621 860 936 911; x_wconf 70' lang='lat' dir='ltr'>Distributio.</span> 
     </span>
    </p>
   </div>
   <div class='ocr_carea' id='block_1_5' title="bbox 1426 938 1785 963">
    <p class='ocr_par' dir='ltr' id='par_1_5' title="bbox 1426 938 1785 963">
     <span class='ocr_line' id='line_1_7' title="bbox 1426 938 1785 963; baseline 0.003 -5"><span class='ocrx_word' id='word_1_35' title='bbox 1426 938 1785 963; x_wconf 59' lang='lat' dir='ltr'>emmOOO</span> 
     </span>
    </p>
   </div>
   <div class='ocr_carea' id='block_1_6' title="bbox 503 1021 2712 1282">
    <p class='ocr_par' dir='ltr' id='par_1_6' title="bbox 503 1021 2712 1282">
     <span class='ocr_line' id='line_1_8' title="bbox 508 1021 2703 1087; baseline -0.001 -15"><span class='ocrx_word' id='word_1_36' title='bbox 508 1023 644 1087; x_wconf 88' lang='lat' dir='ltr'>conj.</span> <span class='ocrx_word' id='word_1_37' title='bbox 674 1024 884 1074; x_wconf 78' lang='lat' dir='ltr'>Schutz.</span> <span class='ocrx_word' id='word_1_38' title='bbox 950 1024 1098 1083; x_wconf 88' lang='lat' dir='ltr'>Mox,</span> <span class='ocrx_word' id='word_1_39' title='bbox 1134 1025 1367 1086; x_wconf 75' lang='lat' dir='ltr'>quoddam</span> <span class='ocrx_word' id='word_1_40' title='bbox 1396 1022 1569 1072; x_wconf 75' lang='lat' dir='ltr'>habeus</span> <span class='ocrx_word' id='word_1_41' title='bbox 1607 1029 1933 1073; x_wconf 69' lang='lat' dir='ltr'>momentum</span> <span class='ocrx_word' id='word_1_42' title='bbox 1960 1023 2144 1087; x_wconf 84' lang='lat' dir='ltr'>Steph.</span> <span class='ocrx_word' id='word_1_43' title='bbox 2183 1031 2238 1072; x_wconf 87' lang='lat' dir='ltr'>et</span> <span class='ocrx_word' id='word_1_44' title='bbox 2274 1022 2588 1071; x_wconf 55' lang='lat' dir='ltr'>Lentim—lo</span> <span class='ocrx_word' id='word_1_45' title='bbox 2622 1021 2703 1070; x_wconf 75' lang='lat' dir='ltr'>lte</span> 
     </span>
     <span class='ocr_line' id='line_1_9' title="bbox 508 1082 2712 1151; baseline 0 -15"><span class='ocrx_word' id='word_1_46' title='bbox 508 1088 674 1137; x_wconf 87' lang='lat' dir='ltr'>Grut.</span> <span class='ocrx_word' id='word_1_47' title='bbox 703 1097 757 1138; x_wconf 90' lang='lat' dir='ltr'>et</span> <span class='ocrx_word' id='word_1_48' title='bbox 791 1095 1012 1138; x_wconf 85' lang='lat' dir='ltr'>recentt.</span> <span class='ocrx_word' id='word_1_49' title='bbox 1070 1094 1118 1136; x_wconf 75' lang='lat' dir='ltr'>et</span> <span class='ocrx_word' id='word_1_50' title='bbox 1156 1090 1218 1136; x_wconf 80' lang='lat' dir='ltr'>od</span> <span class='ocrx_word' id='word_1_51' title='bbox 1251 1087 1545 1137; x_wconf 69' lang='lat' dir='ltr'>hilaritatem</span> <span class='ocrx_word' id='word_1_52' title='bbox 1567 1089 1750 1151; x_wconf 84' lang='lat' dir='ltr'>Steph.</span> <span class='ocrx_word' id='word_1_53' title='bbox 1773 1100 1825 1136; x_wconf 93' lang='lat' dir='ltr'>et</span> <span class='ocrx_word' id='word_1_54' title='bbox 1853 1088 2029 1138; x_wconf 75' lang='lat' dir='ltr'>Lamb-</span> <span class='ocrx_word' id='word_1_55' title='bbox 2082 1095 2130 1137; x_wconf 81' lang='lat' dir='ltr'>et</span> <span class='ocrx_word' id='word_1_56' title='bbox 2162 1089 2213 1137; x_wconf 81' lang='lat' dir='ltr'>in</span> <span class='ocrx_word' id='word_1_57' title='bbox 2247 1088 2542 1136; x_wconf 76' lang='lat' dir='ltr'>hilaritatem</span> <span class='ocrx_word' id='word_1_58' title='bbox 2580 1082 2712 1136; x_wconf 77' lang='lat' dir='ltr'>unns‘</span> 
     </span>
     <span class='ocr_line' id='line_1_10' title="bbox 508 1152 2705 1216; baseline -0 -14"><span class='ocrx_word' id='word_1_59' title='bbox 508 1153 683 1216; x_wconf 49' lang='lat' dir='ltr'>Onon.</span> <span class='ocrx_word' id='word_1_60' title='bbox 707 1154 789 1201; x_wconf 83' lang='lat' dir='ltr'>ed.</span> <span class='ocrx_word' id='word_1_61' title='bbox 812 1168 855 1202; x_wconf 83' lang='lat' dir='ltr'>s.</span> <span class='ocrx_word' id='word_1_62' title='bbox 878 1154 913 1202; x_wconf 89' lang='lat' dir='ltr'>l.</span> <span class='ocrx_word' id='word_1_63' title='bbox 940 1160 992 1202; x_wconf 91' lang='lat' dir='ltr'>et</span> <span class='ocrx_word' id='word_1_64' title='bbox 1018 1168 1063 1202; x_wconf 75' lang='lat' dir='ltr'>a.</span> <span class='ocrx_word' id='word_1_65' title='bbox 1090 1152 1239 1203; x_wconf 83' lang='lat' dir='ltr'>Junt.</span> <span class='ocrx_word' id='word_1_66' title='bbox 1260 1153 1597 1202; x_wconf 51' lang='lat' dir='ltr'>Manna—11</span> <span class='ocrx_word' id='word_1_67' title='bbox 1637 1153 1722 1202; x_wconf 76' lang='lat' dir='ltr'>lta</span> <span class='ocrx_word' id='word_1_68' title='bbox 1757 1153 1907 1202; x_wconf 85' lang='lat' dir='ltr'><strong>codd.</strong></span> <span class='ocrx_word' id='word_1_69' title='bbox 1943 1167 2142 1212; x_wconf 84' lang='lat' dir='ltr'>omnes,</span> <span class='ocrx_word' id='word_1_70' title='bbox 2167 1154 2316 1204; x_wconf 87' lang='lat' dir='ltr'>Junt.</span> <span class='ocrx_word' id='word_1_71' title='bbox 2345 1153 2524 1201; x_wconf 79' lang='lat' dir='ltr'>Lamb.</span> <span class='ocrx_word' id='word_1_72' title='bbox 2549 1152 2705 1201; x_wconf 73' lang='lat' dir='ltr'>Grut-</span> 
     </span>
     <span class='ocr_line' id='line_1_11' title="bbox 503 1218 2708 1282; baseline -0.001 -15"><span class='ocrx_word' id='word_1_73' title='bbox 503 1219 849 1282; x_wconf 74' lang='lat' dir='ltr'>interpellutio‚</span> <span class='ocrx_word' id='word_1_74' title='bbox 877 1218 1223 1281; x_wconf 69' lang='lat' dir='ltr'>interpellantis</span> <span class='ocrx_word' id='word_1_75' title='bbox 1253 1218 1492 1282; x_wconf 77' lang='lat' dir='ltr'>co&#39;e&#39;rcitio,</span> <span class='ocrx_word' id='word_1_76' title='bbox 1523 1219 1762 1268; x_wconf 74' lang='lat' dir='ltr'>contentio</span> <span class='ocrx_word' id='word_1_77' title='bbox 1786 1219 1925 1282; x_wconf 86' lang='lat' dir='ltr'>conj.</span> <span class='ocrx_word' id='word_1_78' title='bbox 1946 1218 2156 1269; x_wconf 77' lang='lat' dir='ltr'>Schutz.</span> <span class='ocrx_word' id='word_1_79' title='bbox 2176 1234 2205 1267; x_wconf 83' lang='lat' dir='ltr'>e</span> <span class='ocrx_word' id='word_1_80' title='bbox 2230 1219 2455 1271; x_wconf 83' lang='lat' dir='ltr'>Quintil.</span> <span class='ocrx_word' id='word_1_81' title='bbox 2479 1231 2567 1266; x_wconf 79' lang='lat' dir='ltr'>tx·</span> <span class='ocrx_word' id='word_1_82' title='bbox 2588 1221 2638 1266; x_wconf 91' lang='grc'>2.</span> <span class='ocrx_word' id='word_1_83' title='bbox 2660 1222 2708 1267; x_wconf 98' lang='grc'>2.</span> 
     </span>
    </p>
   </div>
   <div class='ocr_carea' id='block_1_7' title="bbox 1489 1366 1716 1416">
    <p class='ocr_par' dir='ltr' id='par_1_7' title="bbox 1489 1366 1716 1416">
     <span class='ocr_line' id='line_1_12' title="bbox 1489 1366 1716 1416; baseline -0.004 0"><span class='ocrx_word' id='word_1_84' title='bbox 1489 1366 1539 1416; x_wconf 86' lang='lat' dir='ltr'>N</span> <span class='ocrx_word' id='word_1_85' title='bbox 1546 1366 1716 1416; x_wconf 76' lang='lat' dir='ltr'>0⁹1·AE</span> 
     </span>
    </p>
   </div>
   <div class='ocr_carea' id='block_1_8' title="bbox 505 1461 1567 1985">
    <p class='ocr_par' dir='ltr' id='par_1_8' title="bbox 505 1461 1567 1985">
     <span class='ocr_line' id='line_1_13' title="bbox 508 1461 1564 1525; baseline -0.003 -14"><span class='ocrx_word' id='word_1_86' title='bbox 508 1462 597 1522; x_wconf 82' lang='lat' dir='ltr'>tis,</span> <span class='ocrx_word' id='word_1_87' title='bbox 642 1464 878 1512; x_wconf 78' lang='lat' dir='ltr'><strong>columen</strong></span> <span class='ocrx_word' id='word_1_88' title='bbox 930 1462 1063 1525; x_wconf 79' lang='lat' dir='ltr'>reip.</span> <span class='ocrx_word' id='word_1_89' title='bbox 1099 1461 1302 1511; x_wconf 76' lang='lat' dir='ltr'>diceres</span> <span class='ocrx_word' id='word_1_90' title='bbox 1342 1461 1564 1511; x_wconf 84' lang='lat' dir='ltr'>intueri:</span> 
     </span>
     <span class='ocr_line' id='line_1_14' title="bbox 508 1538 1567 1603; baseline 0 -18"><span class='ocrx_word' id='word_1_91' title='bbox 508 1538 731 1588; x_wconf 81' lang='lat' dir='ltr'>vestitus</span> <span class='ocrx_word' id='word_1_92' title='bbox 779 1552 933 1601; x_wconf 74' lang='lat' dir='ltr'>asper</span> <span class='ocrx_word' id='word_1_93' title='bbox 971 1544 1150 1603; x_wconf 71' lang='lat' dir='ltr'>nostra</span> <span class='ocrx_word' id='word_1_94' title='bbox 1194 1538 1291 1588; x_wconf 75' lang='lat' dir='ltr'>hac</span> <span class='ocrx_word' id='word_1_95' title='bbox 1336 1552 1567 1601; x_wconf 77' lang='lat' dir='ltr'><strong>purpura</strong></span> 
     </span>
     <span class='ocr_line' id='line_1_15' title="bbox 508 1612 1565 1679; baseline 0 -16"><span class='ocrx_word' id='word_1_96' title='bbox 508 1614 715 1679; x_wconf 74' lang='lat' dir='ltr'>plebeia</span> <span class='ocrx_word' id='word_1_97' title='bbox 760 1629 819 1664; x_wconf 76' lang='lat' dir='ltr'>ec</span> <span class='ocrx_word' id='word_1_98' title='bbox 861 1628 1009 1676; x_wconf 81' lang='lat' dir='ltr'>paene</span> <span class='ocrx_word' id='word_1_99' title='bbox 1043 1612 1218 1663; x_wconf 77' lang='lat' dir='ltr'>fusca:</span> <span class='ocrx_word' id='word_1_100' title='bbox 1258 1615 1445 1676; x_wconf 74' lang='lat' dir='ltr'>capillo</span> <span class='ocrx_word' id='word_1_101' title='bbox 1490 1614 1565 1663; x_wconf 75' lang='lat' dir='ltr'>itu</span> 
     </span>
     <span class='ocr_line' id='line_1_16' title="bbox 505 1691 1563 1756; baseline 0.001 -16"><span class='ocrx_word' id='word_1_102' title='bbox 505 1691 740 1754; x_wconf 84' lang='lat' dir='ltr'>horrido,</span> <span class='ocrx_word' id='word_1_103' title='bbox 776 1700 835 1742; x_wconf 88' lang='lat' dir='ltr'>ut</span> <span class='ocrx_word' id='word_1_104' title='bbox 873 1693 1071 1756; x_wconf 73' lang='lat' dir='ltr'>Capua,</span> <span class='ocrx_word' id='word_1_105' title='bbox 1101 1692 1152 1742; x_wconf 91' lang='lat' dir='ltr'>in</span> <span class='ocrx_word' id='word_1_106' title='bbox 1187 1706 1286 1756; x_wconf 77' lang='lat' dir='ltr'>qua</span> <span class='ocrx_word' id='word_1_107' title='bbox 1318 1692 1429 1754; x_wconf 83' lang='lat' dir='ltr'>ipse</span> <span class='ocrx_word' id='word_1_108' title='bbox 1454 1701 1563 1741; x_wconf 89' lang='lat' dir='ltr'>tum</span> 
     </span>
     <span class='ocr_line' id='line_1_17' title="bbox 509 1766 1564 1833; baseline 0 -16"><span class='ocrx_word' id='word_1_109' title='bbox 509 1767 747 1833; x_wconf 71' lang='lat' dir='ltr'>imaginis</span> <span class='ocrx_word' id='word_1_110' title='bbox 781 1766 1064 1818; x_wconf 69' lang='lat' dir='ltr'>formandae</span> <span class='ocrx_word' id='word_1_111' title='bbox 1094 1782 1249 1818; x_wconf 74' lang='lat' dir='ltr'>causa</span> <span class='ocrx_word' id='word_1_112' title='bbox 1272 1768 1564 1817; x_wconf 80' lang='lat' dir='ltr'>duumvira-</span> 
     </span>
     <span class='ocr_line' id='line_1_18' title="bbox 510 1843 1565 1908; baseline 0.001 -15"><span class='ocrx_word' id='word_1_113' title='bbox 510 1850 620 1893; x_wconf 85' lang='lat' dir='ltr'>tum</span> <span class='ocrx_word' id='word_1_114' title='bbox 665 1843 905 1906; x_wconf 73' lang='lat' dir='ltr'>gerebat,</span> <span class='ocrx_word' id='word_1_115' title='bbox 948 1845 1223 1908; x_wconf 77' lang='lat' dir='ltr'>Seplasiam</span> <span class='ocrx_word' id='word_1_116' title='bbox 1265 1844 1565 1894; x_wconf 78' lang='lat' dir='ltr'>sublaturus</span> 
     </span>
     <span class='ocr_line' id='line_1_19' title="bbox 510 1918 1565 1985; baseline 0.001 -18"><span class='ocrx_word' id='word_1_117' title='bbox 510 1918 794 1971; x_wconf 78' lang='lat' dir='ltr'>videretur.</span> <span class='ocrx_word' id='word_1_118' title='bbox 864 1921 997 1969; x_wconf 72' lang='lat' dir='ltr'>Nam</span> <span class='ocrx_word' id='word_1_119' title='bbox 1031 1919 1154 1984; x_wconf 84' lang='lat' dir='ltr'>quid</span> <span class='ocrx_word' id='word_1_120' title='bbox 1178 1934 1275 1983; x_wconf 76' lang='lat' dir='ltr'>ego</span> <span class='ocrx_word' id='word_1_121' title='bbox 1297 1919 1362 1970; x_wconf 89' lang='lat' dir='ltr'>de</span> <span class='ocrx_word' id='word_1_122' title='bbox 1384 1935 1565 1985; x_wconf 80' lang='lat' dir='ltr'>super-</span> 
     </span>
    </p>
   </div>
   <div class='ocr_carea' id='block_1_9' title="bbox 430 1995 1567 2059">
    <p class='ocr_par' dir='ltr' id='par_1_9' title="bbox 430 1995 1567 2059">
     <span class='ocr_line' id='line_1_20' title="bbox 430 1995 1567 2059; baseline -0.001 -13"><span class='ocrx_word' id='word_1_123' title='bbox 430 2023 435 2030; x_wconf 95' lang='lat'>·</span> <span class='ocrx_word' id='word_1_124' title='bbox 511 1995 632 2046; x_wconf 88' lang='lat' dir='ltr'>cilio</span> <span class='ocrx_word' id='word_1_125' title='bbox 656 1996 857 2051; x_wconf 78' lang='lat' dir='ltr'>dicam?</span> <span class='ocrx_word' id='word_1_126' title='bbox 877 1996 1011 2059; x_wconf 80' lang='lat' dir='ltr'>quod</span> <span class='ocrx_word' id='word_1_127' title='bbox 1039 2005 1145 2046; x_wconf 87' lang='lat' dir='ltr'>tum</span> <span class='ocrx_word' id='word_1_128' title='bbox 1161 1996 1445 2045; x_wconf 79' lang='lat' dir='ltr'>hominibus</span> <span class='ocrx_word' id='word_1_129' title='bbox 1463 2011 1567 2045; x_wconf 90' lang='lat' dir='ltr'>non</span> 
     </span>
    </p>
   </div>
   <div class='ocr_carea' id='block_1_10' title="bbox 510 2074 1572 2284">
    <p class='ocr_par' dir='ltr' id='par_1_10' title="bbox 510 2074 1572 2284">
     <span class='ocr_line' id='line_1_21' title="bbox 510 2074 1571 2138; baseline 0 -14"><span class='ocrx_word' id='word_1_130' title='bbox 510 2074 862 2136; x_wconf 67' lang='lat' dir='ltr'>supercilium,</span> <span class='ocrx_word' id='word_1_131' title='bbox 886 2074 974 2123; x_wconf 81' lang='lat' dir='ltr'>sed</span> <span class='ocrx_word' id='word_1_132' title='bbox 1002 2075 1184 2137; x_wconf 79' lang='lat' dir='ltr'>pignus</span> <span class='ocrx_word' id='word_1_133' title='bbox 1208 2075 1340 2138; x_wconf 85' lang='lat' dir='ltr'>reip.</span> <span class='ocrx_word' id='word_1_134' title='bbox 1361 2074 1571 2124; x_wconf 73' lang='lat' dir='ltr'>videba-</span> 
     </span>
     <span class='ocr_line' id='line_1_22' title="bbox 513 2152 1572 2213; baseline 0 -13"><span class='ocrx_word' id='word_1_135' title='bbox 513 2159 631 2200; x_wconf 85' lang='lat' dir='ltr'>tur:</span> <span class='ocrx_word' id='word_1_136' title='bbox 678 2158 822 2200; x_wconf 79' lang='lat' dir='ltr'>tanta</span> <span class='ocrx_word' id='word_1_137' title='bbox 873 2160 985 2200; x_wconf 77' lang='lat' dir='ltr'>erat</span> <span class='ocrx_word' id='word_1_138' title='bbox 1033 2152 1256 2213; x_wconf 71' lang='lat' dir='ltr'>gravitas</span> <span class='ocrx_word' id='word_1_139' title='bbox 1304 2152 1353 2200; x_wconf 90' lang='lat' dir='ltr'>in</span> <span class='ocrx_word' id='word_1_140' title='bbox 1403 2152 1572 2208; x_wconf 84' lang='lat' dir='ltr'>oculo.</span> 
     </span>
     <span class='ocr_line' id='line_1_23' title="bbox 512 2225 1572 2284; baseline -0.002 -7"><span class='ocrx_word' id='word_1_141' title='bbox 512 2235 659 2278; x_wconf 71' lang='lat' dir='ltr'>teuta</span> <span class='ocrx_word' id='word_1_142' title='bbox 698 2225 879 2276; x_wconf 85' lang='lat' dir='ltr'>frontis</span> <span class='ocrx_word' id='word_1_143' title='bbox 913 2228 1222 2284; x_wconf 84' lang='lat' dir='ltr'>contractio,</span> <span class='ocrx_word' id='word_1_144' title='bbox 1264 2235 1321 2276; x_wconf 88' lang='lat' dir='ltr'>ut</span> <span class='ocrx_word' id='word_1_145' title='bbox 1352 2228 1455 2276; x_wconf 87' lang='lat' dir='ltr'>illo.</span> <span class='ocrx_word' id='word_1_146' title='bbox 1489 2243 1572 2276; x_wconf 83' lang='lat' dir='ltr'>su-</span> 
     </span>
    </p>
   </div>
   <div class='ocr_carea' id='block_1_11' title="bbox 513 2302 1596 2369">
    <p class='ocr_par' dir='ltr' id='par_1_11' title="bbox 513 2302 1596 2369">
     <span class='ocr_line' id='line_1_24' title="bbox 513 2302 1596 2369; baseline 0 -17"><span class='ocrx_word' id='word_1_147' title='bbox 513 2303 732 2367; x_wconf 88' lang='lat' dir='ltr'>percilio</span> <span class='ocrx_word' id='word_1_148' title='bbox 768 2318 905 2366; x_wconf 83' lang='lat' dir='ltr'>resp.</span> <span class='ocrx_word' id='word_1_149' title='bbox 946 2302 1437 2367; x_wconf 74' lang='lat' dir='ltr'>tunquamAtlunte</span> <span class='ocrx_word' id='word_1_150' title='bbox 1466 2318 1596 2369; x_wconf 11' lang='lat' dir='ltr'>cte-¹</span> 
     </span>
    </p>
   </div>
   <div class='ocr_carea' id='block_1_12' title="bbox 484 2372 1585 4280">
    <p class='ocr_par' dir='ltr' id='par_1_12' title="bbox 510 2372 1070 2430">
     <span class='ocr_line' id='line_1_25' title="bbox 510 2372 1070 2430; baseline -0.002 0"><span class='ocrx_word' id='word_1_151' title='bbox 510 2372 623 2430; x_wconf 60' lang='lat' dir='ltr'>‘lum</span> <span class='ocrx_word' id='word_1_152' title='bbox 648 2381 745 2428; x_wconf 88' lang='lat' dir='ltr'>niti</span> <span class='ocrx_word' id='word_1_153' title='bbox 772 2379 1070 2430; x_wconf 86' lang='lat' dir='ltr'>videretur.’</span> 
     </span>
    </p>

    <p class='ocr_par' dir='ltr' id='par_1_13' title="bbox 510 2456 1572 3055">
     <span class='ocr_line' id='line_1_26' title="bbox 576 2456 1570 2520; baseline -0.001 -13"><span class='ocrx_word' id='word_1_154' title='bbox 576 2464 598 2492; x_wconf 75' lang='lat'>⁸</span> <span class='ocrx_word' id='word_1_155' title='bbox 632 2458 829 2507; x_wconf 67' lang='lat' dir='ltr'>Eri-oris</span> <span class='ocrx_word' id='word_1_156' title='bbox 849 2456 1083 2520; x_wconf 78' lang='lat' dir='ltr'>inductio]</span> <span class='ocrx_word' id='word_1_157' title='bbox 1135 2457 1248 2516; x_wconf 66' lang='lat' dir='ltr'>Qun</span> <span class='ocrx_word' id='word_1_158' title='bbox 1273 2456 1466 2520; x_wconf 80' lang='lat' dir='ltr'>aliquid</span> <span class='ocrx_word' id='word_1_159' title='bbox 1492 2457 1570 2506; x_wconf 85' lang='lat' dir='ltr'>in-</span> 
     </span>
     <span class='ocr_line' id='line_1_27' title="bbox 512 2535 1570 2599; baseline -0.001 -14"><span class='ocrx_word' id='word_1_160' title='bbox 512 2536 782 2599; x_wconf 78' lang='lat' dir='ltr'>opinatum</span> <span class='ocrx_word' id='word_1_161' title='bbox 821 2549 883 2585; x_wconf 77' lang='lat' dir='ltr'>ac</span> <span class='ocrx_word' id='word_1_162' title='bbox 923 2543 1118 2597; x_wconf 77' lang='lat' dir='ltr'>praeter</span> <span class='ocrx_word' id='word_1_163' title='bbox 1152 2535 1570 2599; x_wconf 76' lang='lat' dir='ltr'>expectationem</span> 
     </span>
     <span class='ocr_line' id='line_1_28' title="bbox 515 2611 1571 2660; baseline 0 0"><span class='ocrx_word' id='word_1_164' title='bbox 515 2612 740 2660; x_wconf 86' lang='lat' dir='ltr'>dicitur:</span> <span class='ocrx_word' id='word_1_165' title='bbox 786 2619 845 2660; x_wconf 91' lang='lat' dir='ltr'>ut</span> <span class='ocrx_word' id='word_1_166' title='bbox 887 2611 938 2659; x_wconf 93' lang='lat' dir='ltr'>in</span> <span class='ocrx_word' id='word_1_167' title='bbox 978 2611 1571 2660; x_wconf 75' lang='lat' dir='ltr'>Heautontimorumeno</span> 
     </span>
     <span class='ocr_line' id='line_1_29' title="bbox 510 2686 1572 2750; baseline -0.002 -14"><span class='ocrx_word' id='word_1_168' title='bbox 510 2686 741 2736; x_wconf 85' lang='lat' dir='ltr'>Terentii</span> <span class='ocrx_word' id='word_1_169' title='bbox 766 2700 822 2735; x_wconf 85' lang='lat' dir='ltr'>v.</span> <span class='ocrx_word' id='word_1_170' title='bbox 849 2691 895 2735; x_wconf 88' lang='grc'>1.</span> <span class='ocrx_word' id='word_1_171' title='bbox 928 2693 943 2715; x_wconf 76' lang='lat'><em>⁶</em></span> <span class='ocrx_word' id='word_1_172' title='bbox 965 2686 1027 2734; x_wconf 90' lang='lat' dir='ltr'>In</span> <span class='ocrx_word' id='word_1_173' title='bbox 1059 2702 1142 2735; x_wconf 88' lang='lat' dir='ltr'>me</span> <span class='ocrx_word' id='word_1_174' title='bbox 1163 2687 1365 2750; x_wconf 84' lang='lat' dir='ltr'>quidvis</span> <span class='ocrx_word' id='word_1_175' title='bbox 1391 2687 1572 2735; x_wconf 78' lang='lat' dir='ltr'>herum</span> 
     </span>
     <span class='ocr_line' id='line_1_30' title="bbox 512 2762 1569 2814; baseline -0.002 -1"><span class='ocrx_word' id='word_1_176' title='bbox 512 2778 685 2813; x_wconf 87' lang='lat' dir='ltr'>rerum</span> <span class='ocrx_word' id='word_1_177' title='bbox 723 2762 967 2812; x_wconf 80' lang='lat' dir='ltr'>convenit</span> <span class='ocrx_word' id='word_1_178' title='bbox 1011 2764 1141 2814; x_wconf 71' lang='lat' dir='ltr'>Qum</span> <span class='ocrx_word' id='word_1_179' title='bbox 1178 2772 1298 2813; x_wconf 83' lang='lat' dir='ltr'>sunt</span> <span class='ocrx_word' id='word_1_180' title='bbox 1340 2763 1481 2812; x_wconf 76' lang='lat' dir='ltr'>dictu</span> <span class='ocrx_word' id='word_1_181' title='bbox 1519 2764 1569 2812; x_wconf 91' lang='lat' dir='ltr'>in</span> 
     </span>
     <span class='ocr_line' id='line_1_31' title="bbox 515 2839 1571 2902; baseline 0 -14"><span class='ocrx_word' id='word_1_182' title='bbox 515 2839 747 2900; x_wconf 81' lang='lat' dir='ltr'>stultum,</span> <span class='ocrx_word' id='word_1_183' title='bbox 763 2839 983 2901; x_wconf 83' lang='lat' dir='ltr'>caudex,</span> <span class='ocrx_word' id='word_1_184' title='bbox 1001 2841 1187 2902; x_wconf 83' lang='lat' dir='ltr'>stipes,</span> <span class='ocrx_word' id='word_1_185' title='bbox 1204 2840 1391 2902; x_wconf 69' lang='lat' dir='ltr'>asinus,</span> <span class='ocrx_word' id='word_1_186' title='bbox 1409 2839 1571 2901; x_wconf 86' lang='lat' dir='ltr'>plum·</span> 
     </span>
     <span class='ocr_line' id='line_1_32' title="bbox 514 2915 1572 2979; baseline -0.001 -15"><span class='ocrx_word' id='word_1_187' title='bbox 514 2915 677 2965; x_wconf 74' lang='lat' dir='ltr'>beusz</span> <span class='ocrx_word' id='word_1_188' title='bbox 712 2915 774 2964; x_wconf 92' lang='lat' dir='ltr'>1n</span> <span class='ocrx_word' id='word_1_189' title='bbox 809 2916 951 2965; x_wconf 88' lang='lat' dir='ltr'>illum</span> <span class='ocrx_word' id='word_1_190' title='bbox 988 2916 1060 2964; x_wconf 88' lang='lat' dir='ltr'>nil</span> <span class='ocrx_word' id='word_1_191' title='bbox 1098 2922 1303 2979; x_wconf 83' lang='lat' dir='ltr'>potest:</span> <span class='ocrx_word' id='word_1_192' title='bbox 1341 2930 1457 2963; x_wconf 85' lang='lat' dir='ltr'>nam</span> <span class='ocrx_word' id='word_1_193' title='bbox 1483 2929 1572 2964; x_wconf 86' lang='lat' dir='ltr'>ex-</span> 
     </span>
     <span class='ocr_line' id='line_1_33' title="bbox 516 2990 1476 3055; baseline -0.002 -13"><span class='ocrx_word' id='word_1_194' title='bbox 516 2996 732 3054; x_wconf 76' lang='lat' dir='ltr'>superat</span> <span class='ocrx_word' id='word_1_195' title='bbox 752 2992 862 3055; x_wconf 84' lang='lat' dir='ltr'>ejus</span> <span class='ocrx_word' id='word_1_196' title='bbox 888 2992 1112 3040; x_wconf 83' lang='lat' dir='ltr'>stultitia</span> <span class='ocrx_word' id='word_1_197' title='bbox 1135 2991 1307 3040; x_wconf 76' lang='lat' dir='ltr'>onmia</span> <span class='ocrx_word' id='word_1_198' title='bbox 1330 2990 1476 3040; x_wconf 59' lang='lat' dir='ltr'>haec?</span> 
     </span>
    </p>

    <p class='ocr_par' dir='ltr' id='par_1_14' title="bbox 518 3065 1576 3281">
     <span class='ocr_line' id='line_1_34' title="bbox 522 3065 1575 3131; baseline -0.003 -13"><span class='ocrx_word' id='word_1_199' title='bbox 522 3107 527 3118; x_wconf 83' lang='lat'>.</span> <span class='ocrx_word' id='word_1_200' title='bbox 581 3065 600 3100; x_wconf 78' lang='lat' dir='ltr'>f</span> <span class='ocrx_word' id='word_1_201' title='bbox 628 3069 710 3116; x_wconf 70' lang='lat' dir='ltr'>Aa</span> <span class='ocrx_word' id='word_1_202' title='bbox 730 3068 1025 3117; x_wconf 72' lang='lat' dir='ltr'>hilaritatem</span> <span class='ocrx_word' id='word_1_203' title='bbox 1046 3067 1286 3131; x_wconf 79' lang='lat' dir='ltr'>impulsio]</span> <span class='ocrx_word' id='word_1_204' title='bbox 1323 3067 1411 3116; x_wconf 85' lang='lat' dir='ltr'>Fit</span> <span class='ocrx_word' id='word_1_205' title='bbox 1432 3065 1575 3115; x_wconf 79' lang='lat' dir='ltr'>edhi-</span> 
     </span>
     <span class='ocr_line' id='line_1_35' title="bbox 519 3143 1576 3208; baseline -0.001 -15"><span class='ocrx_word' id='word_1_206' title='bbox 519 3144 809 3206; x_wconf 71' lang='lat' dir='ltr'>bitisJocis,</span> <span class='ocrx_word' id='word_1_207' title='bbox 825 3144 889 3191; x_wconf 92' lang='lat' dir='ltr'>de</span> <span class='ocrx_word' id='word_1_208' title='bbox 910 3144 1094 3207; x_wconf 89' lang='lat' dir='ltr'>quibus</span> <span class='ocrx_word' id='word_1_209' title='bbox 1114 3145 1313 3208; x_wconf 82' lang='lat' dir='ltr'>prolixe</span> <span class='ocrx_word' id='word_1_210' title='bbox 1339 3143 1403 3193; x_wconf 89' lang='lat' dir='ltr'>de</span> <span class='ocrx_word' id='word_1_211' title='bbox 1422 3144 1576 3194; x_wconf 76' lang='lat' dir='ltr'>Orat.</span> 
     </span>
     <span class='ocr_line' id='line_1_36' title="bbox 518 3215 1473 3281; baseline -0.003 -12"><span class='ocrx_word' id='word_1_212' title='bbox 518 3220 607 3270; x_wconf 92' lang='lat' dir='ltr'>lib.</span> <span class='ocrx_word' id='word_1_213' title='bbox 635 3234 698 3268; x_wconf 82' lang='grc' dir='ltr'><strong>ιι.</strong></span> <span class='ocrx_word' id='word_1_214' title='bbox 722 3221 749 3281; x_wconf 62' lang='grc' dir='ltr'><strong>ξ</strong></span> <span class='ocrx_word' id='word_1_215' title='bbox 772 3223 887 3267; x_wconf 79' lang='grc'><strong>235.</strong></span> <span class='ocrx_word' id='word_1_216' title='bbox 908 3223 1005 3269; x_wconf 85' lang='lat' dir='ltr'>&amp;c.</span> <span class='ocrx_word' id='word_1_217' title='bbox 1468 3215 1473 3220; x_wconf 57' lang='grc'><strong><em>“</em></strong></span> 
     </span>
    </p>

    <p class='ocr_par' dir='ltr' id='par_1_15' title="bbox 484 3294 1585 4280">
     <span class='ocr_line' id='line_1_37' title="bbox 584 3294 1576 3362; baseline 0.007 -24"><span class='ocrx_word' id='word_1_218' title='bbox 584 3303 610 3338; x_wconf 73' lang='lat' dir='ltr'>s</span> <span class='ocrx_word' id='word_1_219' title='bbox 642 3294 771 3344; x_wconf 78' lang='lat' dir='ltr'>Ante</span> <span class='ocrx_word' id='word_1_220' title='bbox 785 3294 1048 3358; x_wconf 79' lang='lat' dir='ltr'>occupatio]</span> <span class='ocrx_word' id='word_1_221' title='bbox 1072 3297 1187 3345; x_wconf 83' lang='lat' dir='ltr'>Sive</span> <span class='ocrx_word' id='word_1_222' title='bbox 1210 3298 1457 3362; x_wconf 76' lang='lat' dir='ltr'>prolepis‚¹</span> <span class='ocrx_word' id='word_1_223' title='bbox 1475 3313 1576 3362; x_wconf 82' lang='lat' dir='ltr'>qua</span> 
     </span>
     <span class='ocr_line' id='line_1_38' title="bbox 520 3370 1577 3438; baseline 0.002 -18"><span class='ocrx_word' id='word_1_224' title='bbox 520 3370 573 3421; x_wconf 83' lang='lat' dir='ltr'>id</span> <span class='ocrx_word' id='word_1_225' title='bbox 598 3370 734 3435; x_wconf 83' lang='lat' dir='ltr'>quod</span> <span class='ocrx_word' id='word_1_226' title='bbox 758 3377 938 3421; x_wconf 77' lang='lat' dir='ltr'>contra</span> <span class='ocrx_word' id='word_1_227' title='bbox 974 3386 1064 3420; x_wconf 86' lang='lat' dir='ltr'>nos</span> <span class='ocrx_word' id='word_1_228' title='bbox 1090 3372 1191 3423; x_wconf 90' lang='lat' dir='ltr'>dici</span> <span class='ocrx_word' id='word_1_229' title='bbox 1229 3381 1422 3438; x_wconf 82' lang='lat' dir='ltr'>potest,</span> <span class='ocrx_word' id='word_1_230' title='bbox 1443 3375 1577 3422; x_wconf 78' lang='lat' dir='ltr'>unti-</span> 
     </span>
     <span class='ocr_line' id='line_1_39' title="bbox 522 3446 1579 3513; baseline 0.002 -16"><span class='ocrx_word' id='word_1_231' title='bbox 522 3449 753 3513; x_wconf 83' lang='lat' dir='ltr'>cipamus</span> <span class='ocrx_word' id='word_1_232' title='bbox 796 3455 849 3497; x_wconf 87' lang='lat' dir='ltr'>et</span> <span class='ocrx_word' id='word_1_233' title='bbox 896 3446 1195 3499; x_wconf 75' lang='lat' dir='ltr'>refellimus.</span> <span class='ocrx_word' id='word_1_234' title='bbox 1264 3451 1350 3500; x_wconf 78' lang='lat' dir='ltr'>Ita</span> <span class='ocrx_word' id='word_1_235' title='bbox 1395 3453 1579 3500; x_wconf 88' lang='lat' dir='ltr'>Cicero</span> 
     </span>
     <span class='ocr_line' id='line_1_40' title="bbox 522 3525 1577 3590; baseline 0.003 -17"><span class='ocrx_word' id='word_1_236' title='bbox 522 3540 618 3589; x_wconf 83' lang='lat' dir='ltr'>pro</span> <span class='ocrx_word' id='word_1_237' title='bbox 652 3525 815 3575; x_wconf 87' lang='lat' dir='ltr'>Coelio</span> <span class='ocrx_word' id='word_1_238' title='bbox 849 3526 877 3589; x_wconf 59' lang='grc' dir='ltr'><strong>ξ</strong></span> <span class='ocrx_word' id='word_1_239' title='bbox 902 3529 982 3574; x_wconf 82' lang='grc'>39.</span> <span class='ocrx_word' id='word_1_240' title='bbox 1016 3532 1033 3555; x_wconf 79' lang='lat'>‘</span> <span class='ocrx_word' id='word_1_241' title='bbox 1051 3526 1212 3574; x_wconf 84' lang='lat' dir='ltr'>Dicet</span> <span class='ocrx_word' id='word_1_242' title='bbox 1235 3525 1436 3590; x_wconf 74' lang='lat' dir='ltr'>aliquis,</span> <span class='ocrx_word' id='word_1_243' title='bbox 1464 3527 1577 3576; x_wconf 82' lang='lat' dir='ltr'>haec</span> 
     </span>
     <span class='ocr_line' id='line_1_41' title="bbox 521 3601 1578 3665; baseline 0.002 -14"><span class='ocrx_word' id='word_1_244' title='bbox 521 3603 675 3665; x_wconf 80' lang='lat' dir='ltr'>igitur</span> <span class='ocrx_word' id='word_1_245' title='bbox 698 3609 778 3651; x_wconf 86' lang='lat' dir='ltr'>est</span> <span class='ocrx_word' id='word_1_246' title='bbox 804 3610 888 3650; x_wconf 76' lang='lat' dir='ltr'>tun</span> <span class='ocrx_word' id='word_1_247' title='bbox 913 3601 1220 3665; x_wconf 78' lang='lat' dir='ltr'>disciplina?</span> <span class='ocrx_word' id='word_1_248' title='bbox 1256 3603 1328 3652; x_wconf 90' lang='lat' dir='ltr'>sic</span> <span class='ocrx_word' id='word_1_249' title='bbox 1354 3611 1410 3652; x_wconf 88' lang='lat' dir='ltr'>tu</span> <span class='ocrx_word' id='word_1_250' title='bbox 1435 3603 1578 3653; x_wconf 81' lang='lat' dir='ltr'>insti-</span> 
     </span>
     <span class='ocr_line' id='line_1_42' title="bbox 524 3677 1578 3728; baseline 0.004 -4"><span class='ocrx_word' id='word_1_251' title='bbox 524 3678 624 3726; x_wconf 84' lang='lat' dir='ltr'>tuis</span> <span class='ocrx_word' id='word_1_252' title='bbox 670 3677 1061 3725; x_wconf 79' lang='lat' dir='ltr'>adolescentes?</span> <span class='ocrx_word' id='word_1_253' title='bbox 1095 3678 1162 3726; x_wconf 90' lang='lat' dir='ltr'>ob</span> <span class='ocrx_word' id='word_1_254' title='bbox 1204 3678 1331 3726; x_wconf 78' lang='lat' dir='ltr'>hanc</span> <span class='ocrx_word' id='word_1_255' title='bbox 1370 3694 1578 3728; x_wconf 73' lang='lat' dir='ltr'>causam</span> 
     </span>
     <span class='ocr_line' id='line_1_43' title="bbox 523 3752 1580 3815; baseline 0.002 -13"><span class='ocrx_word' id='word_1_256' title='bbox 523 3752 620 3802; x_wconf 86' lang='lat' dir='ltr'>tibi</span> <span class='ocrx_word' id='word_1_257' title='bbox 642 3752 778 3800; x_wconf 88' lang='lat' dir='ltr'>hunc</span> <span class='ocrx_word' id='word_1_258' title='bbox 804 3767 1017 3813; x_wconf 84' lang='lat' dir='ltr'>puerum</span> <span class='ocrx_word' id='word_1_259' title='bbox 1044 3768 1228 3815; x_wconf 82' lang='lat' dir='ltr'>parens</span> <span class='ocrx_word' id='word_1_260' title='bbox 1257 3758 1580 3805; x_wconf 82' lang='lat' dir='ltr'>commenda-</span> 
     </span>
     <span class='ocr_line' id='line_1_44' title="bbox 526 3828 1581 3896; baseline 0 -18"><span class='ocrx_word' id='word_1_261' title='bbox 526 3829 602 3878; x_wconf 87' lang='lat' dir='ltr'>vit</span> <span class='ocrx_word' id='word_1_262' title='bbox 622 3836 677 3878; x_wconf 87' lang='lat' dir='ltr'>et</span> <span class='ocrx_word' id='word_1_263' title='bbox 700 3828 937 3892; x_wconf 78' lang='lat' dir='ltr'>tradidit,</span> <span class='ocrx_word' id='word_1_264' title='bbox 970 3839 1024 3877; x_wconf 92' lang='lat' dir='ltr'>ut</span> <span class='ocrx_word' id='word_1_265' title='bbox 1055 3831 1103 3877; x_wconf 90' lang='lat' dir='ltr'>in</span> <span class='ocrx_word' id='word_1_266' title='bbox 1129 3844 1302 3878; x_wconf 81' lang='lat' dir='ltr'>amore</span> <span class='ocrx_word' id='word_1_267' title='bbox 1326 3838 1381 3880; x_wconf 91' lang='lat' dir='ltr'>et</span> <span class='ocrx_word' id='word_1_268' title='bbox 1404 3834 1581 3896; x_wconf 82' lang='lat' dir='ltr'>volup·</span> 
     </span>
     <span class='ocr_line' id='line_1_45' title="bbox 523 3906 1582 3958; baseline 0.001 -3"><span class='ocrx_word' id='word_1_269' title='bbox 523 3906 719 3955; x_wconf 78' lang='lat' dir='ltr'>tatibus</span> <span class='ocrx_word' id='word_1_270' title='bbox 756 3907 1155 3956; x_wconf 74' lang='lat' dir='ltr'>adolescentium</span> <span class='ocrx_word' id='word_1_271' title='bbox 1188 3922 1330 3958; x_wconf 83' lang='lat' dir='ltr'>snam</span> <span class='ocrx_word' id='word_1_272' title='bbox 1360 3908 1582 3957; x_wconf 76' lang='lat' dir='ltr'>colloca·</span> 
     </span>
     <span class='ocr_line' id='line_1_46' title="bbox 525 3982 1583 4040; baseline 0.002 -8"><span class='ocrx_word' id='word_1_273' title='bbox 525 3989 622 4040; x_wconf 81' lang='lat' dir='ltr'>ret,</span> <span class='ocrx_word' id='word_1_274' title='bbox 660 3994 714 4031; x_wconf 89' lang='lat' dir='ltr'>et</span> <span class='ocrx_word' id='word_1_275' title='bbox 753 3982 881 4031; x_wconf 85' lang='lat' dir='ltr'>hanc</span> <span class='ocrx_word' id='word_1_276' title='bbox 922 3991 977 4032; x_wconf 89' lang='lat' dir='ltr'>tu</span> <span class='ocrx_word' id='word_1_277' title='bbox 1004 3985 1160 4033; x_wconf 85' lang='lat' dir='ltr'>vitam</span> <span class='ocrx_word' id='word_1_278' title='bbox 1202 3992 1257 4033; x_wconf 91' lang='lat' dir='ltr'>et</span> <span class='ocrx_word' id='word_1_279' title='bbox 1297 3985 1469 4035; x_wconf 76' lang='lat' dir='ltr'>studia</span> <span class='ocrx_word' id='word_1_280' title='bbox 1492 3986 1583 4034; x_wconf 87' lang='lat' dir='ltr'>de·</span> 
     </span>
     <span class='ocr_line' id='line_1_47' title="bbox 527 4059 1585 4126; baseline 0.003 -17"><span class='ocrx_word' id='word_1_281' title='bbox 527 4059 803 4109; x_wconf 82' lang='lat' dir='ltr'>fenderes?</span> <span class='ocrx_word' id='word_1_282' title='bbox 871 4060 1001 4123; x_wconf 83' lang='lat' dir='ltr'>Ego,</span> <span class='ocrx_word' id='word_1_283' title='bbox 1026 4062 1067 4108; x_wconf 85' lang='lat' dir='ltr'>si</span> <span class='ocrx_word' id='word_1_284' title='bbox 1087 4062 1217 4126; x_wconf 87' lang='lat' dir='ltr'>quis,</span> <span class='ocrx_word' id='word_1_285' title='bbox 1237 4061 1466 4124; x_wconf 78' lang='lat' dir='ltr'>judices,</span> <span class='ocrx_word' id='word_1_286' title='bbox 1487 4064 1585 4112; x_wconf 89' lang='lat' dir='ltr'>hoc</span> 
     </span>
     <span class='ocr_line' id='line_1_48' title="bbox 484 4136 1583 4200; baseline 0.004 -15"><span class='ocrx_word' id='word_1_287' title='bbox 484 4195 487 4198; x_wconf 25' lang='grc' dir='ltr'>Ι</span> <span class='ocrx_word' id='word_1_288' title='bbox 528 4136 713 4185; x_wconf 87' lang='lat' dir='ltr'>robore</span> <span class='ocrx_word' id='word_1_289' title='bbox 736 4137 890 4185; x_wconf 81' lang='lat' dir='ltr'>animi</span> <span class='ocrx_word' id='word_1_290' title='bbox 913 4145 1069 4200; x_wconf 87' lang='lat' dir='ltr'>atque</span> <span class='ocrx_word' id='word_1_291' title='bbox 1107 4140 1202 4187; x_wconf 84' lang='lat' dir='ltr'>hac</span> <span class='ocrx_word' id='word_1_292' title='bbox 1228 4140 1398 4188; x_wconf 86' lang='lat' dir='ltr'>indole</span> <span class='ocrx_word' id='word_1_293' title='bbox 1425 4140 1583 4194; x_wconf 78' lang='lat' dir='ltr'>virtu·</span> 
     </span>
     <span class='ocr_line' id='line_1_49' title="bbox 529 4212 1585 4280; baseline 0.005 -20"><span class='ocrx_word' id='word_1_294' title='bbox 529 4213 597 4260; x_wconf 83' lang='lat' dir='ltr'>tis</span> <span class='ocrx_word' id='word_1_295' title='bbox 630 4226 691 4261; x_wconf 84' lang='lat' dir='ltr'>ac</span> <span class='ocrx_word' id='word_1_296' title='bbox 726 4212 1057 4263; x_wconf 76' lang='lat' dir='ltr'>continenuae</span> <span class='ocrx_word' id='word_1_297' title='bbox 1092 4212 1208 4270; x_wconf 83' lang='lat' dir='ltr'>fuit,</span> <span class='ocrx_word' id='word_1_298' title='bbox 1232 4225 1288 4265; x_wconf 88' lang='lat' dir='ltr'>ut</span> <span class='ocrx_word' id='word_1_299' title='bbox 1310 4224 1585 4280; x_wconf 78' lang='lat' dir='ltr'>respueret</span> 
     </span>
    </p>
   </div>
   <div class='ocr_carea' id='block_1_13' title="bbox 1645 1460 2716 2063">
    <p class='ocr_par' dir='ltr' id='par_1_16' title="bbox 1645 1460 2716 2063">
     <span class='ocr_line' id='line_1_50' title="bbox 1645 1460 2709 1526; baseline -0.002 -16"><span class='ocrx_word' id='word_1_300' title='bbox 1645 1476 1822 1512; x_wconf 84' lang='lat' dir='ltr'>omnes</span> <span class='ocrx_word' id='word_1_301' title='bbox 1872 1464 2185 1526; x_wconf 75' lang='lat' dir='ltr'>voluptates,</span> <span class='ocrx_word' id='word_1_302' title='bbox 2226 1474 2539 1524; x_wconf 82' lang='lat' dir='ltr'>omnemque</span> <span class='ocrx_word' id='word_1_303' title='bbox 2591 1460 2709 1509; x_wconf 63' lang='lat' dir='ltr'>vite</span> 
     </span>
     <span class='ocr_line' id='line_1_51' title="bbox 1646 1537 2712 1601; baseline -0.004 -13"><span class='ocrx_word' id='word_1_304' title='bbox 1646 1554 1755 1589; x_wconf 79' lang='lat' dir='ltr'>suae</span> <span class='ocrx_word' id='word_1_305' title='bbox 1777 1553 1980 1588; x_wconf 84' lang='lat' dir='ltr'>cursum</span> <span class='ocrx_word' id='word_1_306' title='bbox 2015 1540 2067 1588; x_wconf 90' lang='lat' dir='ltr'>in</span> <span class='ocrx_word' id='word_1_307' title='bbox 2099 1540 2272 1588; x_wconf 73' lang='lat' dir='ltr'>labore</span> <span class='ocrx_word' id='word_1_308' title='bbox 2296 1537 2527 1601; x_wconf 84' lang='lat' dir='ltr'>corporis</span> <span class='ocrx_word' id='word_1_309' title='bbox 2551 1543 2712 1600; x_wconf 76' lang='lat' dir='ltr'>utque</span> 
     </span>
     <span class='ocr_line' id='line_1_52' title="bbox 1646 1612 2713 1677; baseline -0.003 -14"><span class='ocrx_word' id='word_1_310' title='bbox 1646 1616 1698 1664; x_wconf 90' lang='lat' dir='ltr'>in</span> <span class='ocrx_word' id='word_1_311' title='bbox 1712 1615 1865 1665; x_wconf 82' lang='lat' dir='ltr'>animi</span> <span class='ocrx_word' id='word_1_312' title='bbox 1879 1612 2205 1665; x_wconf 72' lang='lat' dir='ltr'>contdntione</span> <span class='ocrx_word' id='word_1_313' title='bbox 2216 1614 2502 1664; x_wconf 84' lang='lat' dir='ltr'>conficeret</span> <span class='ocrx_word' id='word_1_314' title='bbox 2516 1628 2532 1673; x_wconf 86' lang='lat'><strong>;</strong></span> <span class='ocrx_word' id='word_1_315' title='bbox 2557 1627 2713 1677; x_wconf 84' lang='lat' dir='ltr'>quem</span> 
     </span>
     <span class='ocr_line' id='line_1_53' title="bbox 1645 1689 2712 1756; baseline -0.005 -14"><span class='ocrx_word' id='word_1_316' title='bbox 1645 1708 1749 1742; x_wconf 91' lang='lat' dir='ltr'>non</span> <span class='ocrx_word' id='word_1_317' title='bbox 1774 1694 1937 1756; x_wconf 83' lang='lat' dir='ltr'>quies,</span> <span class='ocrx_word' id='word_1_318' title='bbox 1962 1707 2062 1743; x_wconf 89' lang='lat' dir='ltr'>non</span> <span class='ocrx_word' id='word_1_319' title='bbox 2088 1692 2339 1748; x_wconf 83' lang='lat' dir='ltr'>remissio,</span> <span class='ocrx_word' id='word_1_320' title='bbox 2364 1704 2470 1738; x_wconf 89' lang='lat' dir='ltr'>non</span> <span class='ocrx_word' id='word_1_321' title='bbox 2502 1689 2712 1753; x_wconf 79' lang='lat' dir='ltr'>aequali·</span> 
     </span>
     <span class='ocr_line' id='line_1_54' title="bbox 1645 1767 2712 1830; baseline -0.004 -12"><span class='ocrx_word' id='word_1_322' title='bbox 1645 1785 1729 1819; x_wconf 88' lang='lat' dir='ltr'>nm</span> <span class='ocrx_word' id='word_1_323' title='bbox 1754 1769 1949 1830; x_wconf 75' lang='lat' dir='ltr'>studia,</span> <span class='ocrx_word' id='word_1_324' title='bbox 1970 1785 2070 1819; x_wconf 92' lang='lat' dir='ltr'>non</span> <span class='ocrx_word' id='word_1_325' title='bbox 2095 1769 2218 1825; x_wconf 86' lang='lat' dir='ltr'>ludi,</span> <span class='ocrx_word' id='word_1_326' title='bbox 2238 1782 2338 1817; x_wconf 91' lang='lat' dir='ltr'>non</span> <span class='ocrx_word' id='word_1_327' title='bbox 2357 1767 2603 1817; x_wconf 76' lang='lat' dir='ltr'>convivia</span> <span class='ocrx_word' id='word_1_328' title='bbox 2624 1768 2712 1815; x_wconf 87' lang='lat' dir='ltr'>de-</span> 
     </span>
     <span class='ocr_line' id='line_1_55' title="bbox 1645 1842 2712 1908; baseline -0.005 -12"><span class='ocrx_word' id='word_1_329' title='bbox 1645 1848 1934 1908; x_wconf 61' lang='lat' dir='ltr'>lectat-eun</span> <span class='ocrx_word' id='word_1_330' title='bbox 1970 1847 2095 1896; x_wconf 87' lang='lat' dir='ltr'>nihil</span> <span class='ocrx_word' id='word_1_331' title='bbox 2131 1847 2182 1894; x_wconf 88' lang='lat' dir='ltr'>in</span> <span class='ocrx_word' id='word_1_332' title='bbox 2217 1846 2324 1894; x_wconf 75' lang='lat' dir='ltr'>vita</span> <span class='ocrx_word' id='word_1_333' title='bbox 2360 1842 2712 1908; x_wconf 84' lang='lat' dir='ltr'>expetendum</span> 
     </span>
     <span class='ocr_line' id='line_1_56' title="bbox 1648 1920 2712 1988; baseline -0.006 -16"><span class='ocrx_word' id='word_1_334' title='bbox 1648 1934 1878 1988; x_wconf 71' lang='lat' dir='ltr'>putaret,</span> <span class='ocrx_word' id='word_1_335' title='bbox 1906 1925 2001 1973; x_wconf 84' lang='lat' dir='ltr'>nisi</span> <span class='ocrx_word' id='word_1_336' title='bbox 2020 1921 2157 1988; x_wconf 89' lang='lat' dir='ltr'>quod</span> <span class='ocrx_word' id='word_1_337' title='bbox 2180 1930 2320 1972; x_wconf 82' lang='lat' dir='ltr'>esset</span> <span class='ocrx_word' id='word_1_338' title='bbox 2341 1935 2458 1970; x_wconf 88' lang='lat' dir='ltr'>cum</span> <span class='ocrx_word' id='word_1_339' title='bbox 2488 1920 2643 1967; x_wconf 77' lang='lat' dir='ltr'>laude</span> <span class='ocrx_word' id='word_1_340' title='bbox 2659 1926 2712 1966; x_wconf 87' lang='lat' dir='ltr'>et</span> 
     </span>
     <span class='ocr_line' id='line_1_57' title="bbox 1645 1995 2716 2063; baseline -0.007 -14"><span class='ocrx_word' id='word_1_341' title='bbox 1645 2015 1759 2049; x_wconf 92' lang='lat' dir='ltr'>cum</span> <span class='ocrx_word' id='word_1_342' title='bbox 1778 2000 2033 2063; x_wconf 71' lang='lat' dir='ltr'>dignitate</span> <span class='ocrx_word' id='word_1_343' title='bbox 2051 1999 2415 2063; x_wconf 76' lang='lat' dir='ltr'>conjttnctum3</span> <span class='ocrx_word' id='word_1_344' title='bbox 2436 1995 2577 2043; x_wconf 84' lang='lat' dir='ltr'>hunc</span> <span class='ocrx_word' id='word_1_345' title='bbox 2599 2009 2716 2043; x_wconf 78' lang='lat' dir='ltr'>men</span> 
     </span>
    </p>
   </div>
   <div class='ocr_carea' id='block_1_14' title="bbox 1637 2070 2717 2139">
    <p class='ocr_par' dir='ltr' id='par_1_17' title="bbox 1637 2070 2717 2139">
     <span class='ocr_line' id='line_1_58' title="bbox 1637 2070 2717 2139; baseline -0.006 -16"><span class='ocrx_word' id='word_1_346' title='bbox 1637 2078 1904 2129; x_wconf 73' lang='lat' dir='ltr'>sententia</span> <span class='ocrx_word' id='word_1_347' title='bbox 1926 2075 2111 2124; x_wconf 75' lang='lat' dir='ltr'>divinis</span> <span class='ocrx_word' id='word_1_348' title='bbox 2135 2072 2440 2139; x_wconf 77' lang='lat' dir='ltr'>quibusdam</span> <span class='ocrx_word' id='word_1_349' title='bbox 2469 2072 2619 2124; x_wconf 78' lang='lat' dir='ltr'>bonis</span> <span class='ocrx_word' id='word_1_350' title='bbox 2642 2070 2717 2118; x_wconf 88' lang='lat' dir='ltr'>in·</span> 
     </span>
    </p>
   </div>
   <div class='ocr_carea' id='block_1_15' title="bbox 1645 2146 2727 4278">
    <p class='ocr_par' dir='ltr' id='par_1_18' title="bbox 1646 2146 2720 2365">
     <span class='ocr_line' id='line_1_59' title="bbox 1646 2146 2719 2214; baseline -0.006 -13"><span class='ocrx_word' id='word_1_351' title='bbox 1646 2160 1903 2202; x_wconf 80' lang='lat' dir='ltr'>structum</span> <span class='ocrx_word' id='word_1_352' title='bbox 1942 2161 2100 2214; x_wconf 75' lang='lat' dir='ltr'>utque</span> <span class='ocrx_word' id='word_1_353' title='bbox 2136 2157 2374 2199; x_wconf 83' lang='lat' dir='ltr'>ornatum</span> <span class='ocrx_word' id='word_1_354' title='bbox 2418 2154 2570 2210; x_wconf 84' lang='lat' dir='ltr'>puto.</span> <span class='ocrx_word' id='word_1_355' title='bbox 2639 2146 2719 2195; x_wconf 83' lang='lat' dir='ltr'>Ex</span> 
     </span>
     <span class='ocr_line' id='line_1_60' title="bbox 1647 2224 2720 2292; baseline -0.003 -17"><span class='ocrx_word' id='word_1_356' title='bbox 1647 2227 1743 2277; x_wconf 87' lang='lat' dir='ltr'>hoc</span> <span class='ocrx_word' id='word_1_357' title='bbox 1779 2242 1968 2292; x_wconf 79' lang='lat' dir='ltr'>genere</span> <span class='ocrx_word' id='word_1_358' title='bbox 2006 2229 2119 2278; x_wconf 81' lang='lat' dir='ltr'>illos</span> <span class='ocrx_word' id='word_1_359' title='bbox 2152 2224 2315 2276; x_wconf 82' lang='lat' dir='ltr'>fuisse</span> <span class='ocrx_word' id='word_1_360' title='bbox 2353 2224 2584 2274; x_wconf 76' lang='lat' dir='ltr'>arbitror</span> <span class='ocrx_word' id='word_1_361' title='bbox 2621 2224 2720 2274; x_wconf 78' lang='lat' dir='ltr'>Ca·</span> 
     </span>
     <span class='ocr_line' id='line_1_61' title="bbox 1646 2303 2097 2365; baseline -0.011 -12"><span class='ocrx_word' id='word_1_362' title='bbox 1646 2303 1853 2365; x_wconf 79' lang='lat' dir='ltr'>millos,&#39;</span> <span class='ocrx_word' id='word_1_363' title='bbox 1889 2307 1988 2353; x_wconf 67' lang='grc' dir='ltr'><strong>ὅτε.</strong></span> <span class='ocrx_word' id='word_1_364' title='bbox 2091 2312 2097 2321; x_wconf 82' lang='grc'><em>’</em></span> 
     </span>
    </p>

    <p class='ocr_par' dir='ltr' id='par_1_19' title="bbox 1645 2376 2721 2898">
     <span class='ocr_line' id='line_1_62' title="bbox 1709 2376 2721 2444; baseline -0.005 -15"><span class='ocrx_word' id='word_1_365' title='bbox 1709 2378 1734 2412; x_wconf 79' lang='lat'>¹¹</span> <span class='ocrx_word' id='word_1_366' title='bbox 1769 2380 2069 2444; x_wconf 79' lang='lat' dir='ltr'>Similitudo]</span> <span class='ocrx_word' id='word_1_367' title='bbox 2109 2379 2194 2429; x_wconf 89' lang='lat' dir='ltr'>Sic</span> <span class='ocrx_word' id='word_1_368' title='bbox 2214 2376 2351 2440; x_wconf 79' lang='lat' dir='ltr'>apud</span> <span class='ocrx_word' id='word_1_369' title='bbox 2377 2376 2490 2426; x_wconf 81' lang='lat' dir='ltr'>Cic.</span> <span class='ocrx_word' id='word_1_370' title='bbox 2506 2376 2575 2424; x_wconf 88' lang='lat' dir='ltr'>de</span> <span class='ocrx_word' id='word_1_371' title='bbox 2595 2376 2721 2425; x_wconf 76' lang='lat' dir='ltr'>Nat.</span> 
     </span>
     <span class='ocr_line' id='line_1_63' title="bbox 1648 2452 2717 2522; baseline -0.005 -15"><span class='ocrx_word' id='word_1_372' title='bbox 1648 2458 1809 2507; x_wconf 88' lang='lat' dir='ltr'>Deor.</span> <span class='ocrx_word' id='word_1_373' title='bbox 1855 2457 1943 2508; x_wconf 90' lang='lat' dir='ltr'>lib.</span> <span class='ocrx_word' id='word_1_374' title='bbox 1979 2471 2042 2507; x_wconf 85' lang='lat' dir='ltr'>n.</span> <span class='ocrx_word' id='word_1_375' title='bbox 2088 2458 2116 2522; x_wconf 58' lang='grc' dir='ltr'><strong>ξ</strong></span> <span class='ocrx_word' id='word_1_376' title='bbox 2156 2460 2241 2507; x_wconf 87' lang='grc'>20.</span> <span class='ocrx_word' id='word_1_377' title='bbox 2292 2455 2309 2483; x_wconf 88' lang='lat'>‘</span> <span class='ocrx_word' id='word_1_378' title='bbox 2337 2455 2411 2504; x_wconf 89' lang='lat' dir='ltr'>Ut</span> <span class='ocrx_word' id='word_1_379' title='bbox 2452 2452 2717 2517; x_wconf 83' lang='lat' dir='ltr'>profluens</span> 
     </span>
     <span class='ocr_line' id='line_1_64' title="bbox 1645 2530 2720 2586; baseline -0.005 -3"><span class='ocrx_word' id='word_1_380' title='bbox 1645 2535 1805 2583; x_wconf 71' lang='lat' dir='ltr'>amnis</span> <span class='ocrx_word' id='word_1_381' title='bbox 1826 2543 1914 2583; x_wconf 83' lang='lat' dir='ltr'>aut</span> <span class='ocrx_word' id='word_1_382' title='bbox 1934 2534 2018 2583; x_wconf 82' lang='lat' dir='ltr'>vix</span> <span class='ocrx_word' id='word_1_383' title='bbox 2042 2542 2133 2582; x_wconf 77' lang='lat' dir='ltr'>aut</span> <span class='ocrx_word' id='word_1_384' title='bbox 2155 2533 2296 2582; x_wconf 90' lang='lat' dir='ltr'>nullo</span> <span class='ocrx_word' id='word_1_385' title='bbox 2317 2530 2492 2586; x_wconf 85' lang='lat' dir='ltr'>modo,</span> <span class='ocrx_word' id='word_1_386' title='bbox 2505 2532 2720 2580; x_wconf 79' lang='lat' dir='ltr'>conc-ln·</span> 
     </span>
     <span class='ocr_line' id='line_1_65' title="bbox 1646 2606 2718 2672; baseline -0.006 -13"><span class='ocrx_word' id='word_1_387' title='bbox 1646 2624 1701 2659; x_wconf 75' lang='lat' dir='ltr'>sn</span> <span class='ocrx_word' id='word_1_388' title='bbox 1717 2618 1887 2658; x_wconf 76' lang='lat' dir='ltr'>eutem</span> <span class='ocrx_word' id='word_1_389' title='bbox 1902 2624 2034 2671; x_wconf 75' lang='lat' dir='ltr'>aqua</span> <span class='ocrx_word' id='word_1_390' title='bbox 2051 2606 2209 2672; x_wconf 78' lang='lat' dir='ltr'>facile</span> <span class='ocrx_word' id='word_1_391' title='bbox 2226 2606 2618 2668; x_wconf 79' lang='lat' dir='ltr'>corrumpitnr3</span> <span class='ocrx_word' id='word_1_392' title='bbox 2643 2607 2718 2654; x_wconf 81' lang='lat' dir='ltr'>sie</span> 
     </span>
     <span class='ocr_line' id='line_1_66' title="bbox 1646 2683 2720 2749; baseline -0.006 -14"><span class='ocrx_word' id='word_1_393' title='bbox 1646 2684 2130 2736; x_wconf 73' lang='lat' dir='ltr'>orationisflumine</span> <span class='ocrx_word' id='word_1_394' title='bbox 2165 2683 2559 2749; x_wconf 78' lang='lat' dir='ltr'>reprehensoris</span> <span class='ocrx_word' id='word_1_395' title='bbox 2594 2683 2720 2730; x_wconf 70' lang='lat' dir='ltr'>vitia</span> 
     </span>
     <span class='ocr_line' id='line_1_67' title="bbox 1648 2758 2720 2824; baseline -0.004 -13"><span class='ocrx_word' id='word_1_396' title='bbox 1648 2762 1931 2824; x_wconf 82' lang='lat' dir='ltr'>diluuntur,</span> <span class='ocrx_word' id='word_1_397' title='bbox 1965 2761 2203 2824; x_wconf 75' lang='lat' dir='ltr'>angustia</span> <span class='ocrx_word' id='word_1_398' title='bbox 2239 2767 2414 2808; x_wconf 82' lang='lat' dir='ltr'>autem</span> <span class='ocrx_word' id='word_1_399' title='bbox 2454 2758 2720 2808; x_wconf 78' lang='lat' dir='ltr'>conclusae</span> 
     </span>
     <span class='ocr_line' id='line_1_68' title="bbox 1646 2834 2691 2898; baseline -0.006 -10"><span class='ocrx_word' id='word_1_400' title='bbox 1646 2839 1894 2889; x_wconf 77' lang='lat' dir='ltr'>orationis</span> <span class='ocrx_word' id='word_1_401' title='bbox 1928 2852 2031 2887; x_wconf 91' lang='lat' dir='ltr'>non</span> <span class='ocrx_word' id='word_1_402' title='bbox 2066 2835 2225 2886; x_wconf 78' lang='lat' dir='ltr'>facile.</span> <span class='ocrx_word' id='word_1_403' title='bbox 2249 2836 2421 2898; x_wconf 78' lang='lat' dir='ltr'>seipsa</span> <span class='ocrx_word' id='word_1_404' title='bbox 2447 2834 2691 2883; x_wconf 58' lang='lat' dir='ltr'>tutatur?</span> 
     </span>
    </p>

    <p class='ocr_par' dir='ltr' id='par_1_20' title="bbox 1648 2910 2727 3514">
     <span class='ocr_line' id='line_1_69' title="bbox 1712 2910 2727 2977; baseline -0.007 -12"><span class='ocrx_word' id='word_1_405' title='bbox 1712 2915 1727 2949; x_wconf 65' lang='lat' dir='ltr'>i</span> <span class='ocrx_word' id='word_1_406' title='bbox 1761 2914 2063 2977; x_wconf 79' lang='lat' dir='ltr'>Exemplum]</span> <span class='ocrx_word' id='word_1_407' title='bbox 2099 2914 2283 2963; x_wconf 83' lang='lat' dir='ltr'>Cicero</span> <span class='ocrx_word' id='word_1_408' title='bbox 2325 2913 2378 2959; x_wconf 91' lang='lat' dir='ltr'>in</span> <span class='ocrx_word' id='word_1_409' title='bbox 2423 2910 2639 2960; x_wconf 78' lang='lat' dir='ltr'>Catilio.</span> <span class='ocrx_word' id='word_1_410' title='bbox 2685 2925 2727 2959; x_wconf 84' lang='lat' dir='ltr'>r.</span> 
     </span>
     <span class='ocr_line' id='line_1_70' title="bbox 1648 2988 2726 3057; baseline -0.006 -14"><span class='ocrx_word' id='word_1_411' title='bbox 1648 2995 1676 3057; x_wconf 84' lang='lat'>§</span> <span class='ocrx_word' id='word_1_412' title='bbox 1716 2998 1764 3042; x_wconf 77' lang='lat'>3.</span> <span class='ocrx_word' id='word_1_413' title='bbox 1822 2995 1837 3021; x_wconf 91' lang='lat'>‘</span> <span class='ocrx_word' id='word_1_414' title='bbox 1863 2993 1946 3041; x_wconf 90' lang='lat' dir='ltr'>An</span> <span class='ocrx_word' id='word_1_415' title='bbox 1989 3005 2111 3040; x_wconf 81' lang='lat' dir='ltr'>vero</span> <span class='ocrx_word' id='word_1_416' title='bbox 2152 2989 2231 3038; x_wconf 87' lang='lat' dir='ltr'>vir</span> <span class='ocrx_word' id='word_1_417' title='bbox 2270 2988 2621 3052; x_wconf 73' lang='lat' dir='ltr'>amplissimus</span> <span class='ocrx_word' id='word_1_418' title='bbox 2657 2989 2726 3037; x_wconf 91' lang='lat' dir='ltr'>P.</span> 
     </span>
     <span class='ocr_line' id='line_1_71' title="bbox 1649 3064 2723 3135; baseline -0.009 -14"><span class='ocrx_word' id='word_1_419' title='bbox 1649 3072 1846 3135; x_wconf 87' lang='lat' dir='ltr'>Scipio,</span> <span class='ocrx_word' id='word_1_420' title='bbox 1869 3068 2105 3134; x_wconf 83' lang='lat' dir='ltr'>pontifex</span> <span class='ocrx_word' id='word_1_421' title='bbox 2131 3067 2404 3124; x_wconf 77' lang='lat' dir='ltr'>maximus,</span> <span class='ocrx_word' id='word_1_422' title='bbox 2439 3065 2524 3113; x_wconf 90' lang='lat' dir='ltr'>Ti.</span> <span class='ocrx_word' id='word_1_423' title='bbox 2555 3064 2723 3114; x_wconf 77' lang='lat' dir='ltr'>Grac-</span> 
     </span>
     <span class='ocr_line' id='line_1_72' title="bbox 1649 3142 2723 3200; baseline -0.007 -2"><span class='ocrx_word' id='word_1_424' title='bbox 1649 3149 1800 3198; x_wconf 86' lang='lat' dir='ltr'>chum</span> <span class='ocrx_word' id='word_1_425' title='bbox 1823 3147 2160 3196; x_wconf 81' lang='lat' dir='ltr'>mediocriter</span> <span class='ocrx_word' id='word_1_426' title='bbox 2181 3142 2601 3200; x_wconf 74' lang='lat' dir='ltr'>labefactantem</span> <span class='ocrx_word' id='word_1_427' title='bbox 2620 3151 2723 3190; x_wconf 79' lang='lat' dir='ltr'>sta-</span> 
     </span>
     <span class='ocr_line' id='line_1_73' title="bbox 1650 3217 2720 3288; baseline -0.007 -14"><span class='ocrx_word' id='word_1_428' title='bbox 1650 3233 1758 3274; x_wconf 90' lang='lat' dir='ltr'>tum</span> <span class='ocrx_word' id='word_1_429' title='bbox 1779 3225 1912 3288; x_wconf 87' lang='lat' dir='ltr'>reip.</span> <span class='ocrx_word' id='word_1_430' title='bbox 1936 3224 2168 3286; x_wconf 71' lang='lat' dir='ltr'>privatus</span> <span class='ocrx_word' id='word_1_431' title='bbox 2193 3217 2459 3269; x_wconf 86' lang='lat' dir='ltr'>interfecit</span> <span class='ocrx_word' id='word_1_432' title='bbox 2477 3233 2494 3266; x_wconf 70' lang='grc' dir='ltr'><strong><em>ε</em></strong></span> <span class='ocrx_word' id='word_1_433' title='bbox 2533 3219 2720 3267; x_wconf 79' lang='lat' dir='ltr'>Catili·</span> 
     </span>
     <span class='ocr_line' id='line_1_74' title="bbox 1650 3294 2719 3358; baseline -0.008 -7"><span class='ocrx_word' id='word_1_434' title='bbox 1650 3317 1769 3351; x_wconf 74' lang='lat' dir='ltr'>nam</span> <span class='ocrx_word' id='word_1_435' title='bbox 1793 3317 1915 3350; x_wconf 84' lang='lat' dir='ltr'>vero</span> <span class='ocrx_word' id='word_1_436' title='bbox 1954 3299 2132 3349; x_wconf 86' lang='lat' dir='ltr'>orbem</span> <span class='ocrx_word' id='word_1_437' title='bbox 2174 3305 2329 3346; x_wconf 84' lang='lat' dir='ltr'>terrae</span> <span class='ocrx_word' id='word_1_438' title='bbox 2365 3294 2513 3344; x_wconf 86' lang='lat' dir='ltr'>caede</span> <span class='ocrx_word' id='word_1_439' title='bbox 2559 3303 2719 3358; x_wconf 76' lang='lat' dir='ltr'>atque</span> 
     </span>
     <span class='ocr_line' id='line_1_75' title="bbox 1652 3374 2722 3437; baseline -0.009 -10"><span class='ocrx_word' id='word_1_440' title='bbox 1652 3379 1902 3428; x_wconf 80' lang='lat' dir='ltr'>incendiis</span> <span class='ocrx_word' id='word_1_441' title='bbox 1920 3384 2124 3426; x_wconf 74' lang='lat' dir='ltr'>vastare</span> <span class='ocrx_word' id='word_1_442' title='bbox 2149 3374 2473 3437; x_wconf 85' lang='lat' dir='ltr'>cupientem,</span> <span class='ocrx_word' id='word_1_443' title='bbox 2488 3385 2581 3419; x_wconf 82' lang='lat' dir='ltr'>nos</span> <span class='ocrx_word' id='word_1_444' title='bbox 2598 3385 2722 3419; x_wconf 88' lang='lat' dir='ltr'>con-</span> 
     </span>
     <span class='ocr_line' id='line_1_76' title="bbox 1650 3447 2183 3514; baseline -0.009 -11"><span class='ocrx_word' id='word_1_445' title='bbox 1650 3456 1787 3503; x_wconf 77' lang='lat' dir='ltr'>sules</span> <span class='ocrx_word' id='word_1_446' title='bbox 1812 3451 2128 3514; x_wconf 84' lang='lat' dir='ltr'>perferemus</span> <span class='ocrx_word' id='word_1_447' title='bbox 2147 3447 2183 3506; x_wconf 72' lang='grc' dir='ltr'>Ρζ</span> 
     </span>
    </p>

    <p class='ocr_par' dir='ltr' id='par_1_21' title="bbox 1652 3522 2726 3883">
     <span class='ocr_line' id='line_1_77' title="bbox 1716 3522 2717 3593; baseline -0.01 -12"><span class='ocrx_word' id='word_1_448' title='bbox 1716 3529 1741 3565; x_wconf 75' lang='lat'>¹²</span> <span class='ocrx_word' id='word_1_449' title='bbox 1774 3529 2021 3593; x_wconf 79' lang='lat' dir='ltr'>Digestio]</span> <span class='ocrx_word' id='word_1_450' title='bbox 2051 3527 2186 3577; x_wconf 90' lang='lat' dir='ltr'>Vide</span> <span class='ocrx_word' id='word_1_451' title='bbox 2224 3524 2288 3574; x_wconf 80' lang='lat' dir='ltr'>ad</span> <span class='ocrx_word' id='word_1_452' title='bbox 2314 3523 2447 3574; x_wconf 86' lang='lat' dir='ltr'>Her.</span> <span class='ocrx_word' id='word_1_453' title='bbox 2470 3522 2563 3572; x_wconf 85' lang='lat' dir='ltr'>lib.</span> <span class='ocrx_word' id='word_1_454' title='bbox 2588 3537 2666 3572; x_wconf 78' lang='lat' dir='ltr'>xv.</span> <span class='ocrx_word' id='word_1_455' title='bbox 2691 3525 2717 3586; x_wconf 64' lang='grc' dir='ltr'><strong>ξ</strong></span> 
     </span>
     <span class='ocr_line' id='line_1_78' title="bbox 1652 3611 2243 3657; baseline -0.008 0"><span class='ocrx_word' id='word_1_456' title='bbox 1652 3611 1734 3657; x_wconf 80' lang='grc'>47.</span> <span class='ocrx_word' id='word_1_457' title='bbox 2237 3647 2243 3652; x_wconf 88' lang='grc'><strong>.</strong></span> 
     </span>
     <span class='ocr_line' id='line_1_79' title="bbox 1721 3675 2722 3745; baseline -0.01 -13"><span class='ocrx_word' id='word_1_458' title='bbox 1721 3682 1735 3717; x_wconf 90' lang='lat'><strong>¹</strong></span> <span class='ocrx_word' id='word_1_459' title='bbox 1767 3679 2116 3745; x_wconf 68' lang='lat' dir='ltr'>[interpellatio]</span> <span class='ocrx_word' id='word_1_460' title='bbox 2151 3679 2269 3729; x_wconf 75' lang='lat' dir='ltr'>Qua</span> <span class='ocrx_word' id='word_1_461' title='bbox 2287 3689 2460 3724; x_wconf 88' lang='lat' dir='ltr'>sermo</span> <span class='ocrx_word' id='word_1_462' title='bbox 2481 3675 2722 3724; x_wconf 74' lang='lat' dir='ltr'>adversa-</span> 
     </span>
     <span class='ocr_line' id='line_1_80' title="bbox 1656 3752 2726 3820; baseline -0.008 -12"><span class='ocrx_word' id='word_1_463' title='bbox 1656 3759 1717 3808; x_wconf 90' lang='lat' dir='ltr'>rii</span> <span class='ocrx_word' id='word_1_464' title='bbox 1742 3758 2134 3820; x_wconf 81' lang='lat' dir='ltr'>interrumpitur</span> <span class='ocrx_word' id='word_1_465' title='bbox 2156 3755 2236 3802; x_wconf 84' lang='lat' dir='ltr'>vel</span> <span class='ocrx_word' id='word_1_466' title='bbox 2256 3752 2357 3816; x_wconf 83' lang='lat' dir='ltr'>ipsi</span> <span class='ocrx_word' id='word_1_467' title='bbox 2379 3752 2632 3801; x_wconf 89' lang='lat' dir='ltr'>indicitur</span> <span class='ocrx_word' id='word_1_468' title='bbox 2655 3755 2726 3800; x_wconf 88' lang='lat' dir='ltr'>si·</span> 
     </span>
     <span class='ocr_line' id='line_1_81' title="bbox 1658 3836 1894 3883; baseline -0.013 0"><span class='ocrx_word' id='word_1_469' title='bbox 1658 3836 1894 3883; x_wconf 87' lang='lat' dir='ltr'>lentium.</span> 
     </span>
    </p>

    <p class='ocr_par' dir='ltr' id='par_1_22' title="bbox 1659 3904 2724 4044">
     <span class='ocr_line' id='line_1_82' title="bbox 1722 3904 2724 3972; baseline -0.008 -12"><span class='ocrx_word' id='word_1_470' title='bbox 1722 3920 1758 3945; x_wconf 79' lang='lat'>¹²¹</span> <span class='ocrx_word' id='word_1_471' title='bbox 1794 3908 2069 3972; x_wconf 77' lang='lat' dir='ltr'>Contentio]</span> <span class='ocrx_word' id='word_1_472' title='bbox 2109 3906 2393 3958; x_wconf 83' lang='lat' dir='ltr'>Antithesis</span> <span class='ocrx_word' id='word_1_473' title='bbox 2421 3912 2505 3953; x_wconf 87' lang='lat' dir='ltr'>est</span> <span class='ocrx_word' id='word_1_474' title='bbox 2529 3904 2598 3953; x_wconf 89' lang='lat' dir='ltr'>de</span> <span class='ocrx_word' id='word_1_475' title='bbox 2624 3919 2724 3969; x_wconf 76' lang='lat' dir='ltr'>qua</span> 
     </span>
     <span class='ocr_line' id='line_1_83' title="bbox 1659 3982 2613 4044; baseline -0.007 -8"><span class='ocrx_word' id='word_1_476' title='bbox 1659 3986 1882 4036; x_wconf 76' lang='lat' dir='ltr'>diximus</span> <span class='ocrx_word' id='word_1_477' title='bbox 1907 3986 1970 4035; x_wconf 84' lang='lat' dir='ltr'>ad</span> <span class='ocrx_word' id='word_1_478' title='bbox 1999 3985 2227 4033; x_wconf 83' lang='lat' dir='ltr'>Herenn.</span> <span class='ocrx_word' id='word_1_479' title='bbox 2252 3982 2342 4031; x_wconf 90' lang='lat' dir='ltr'>lib.</span> <span class='ocrx_word' id='word_1_480' title='bbox 2367 3995 2449 4030; x_wconf 78' lang='lat' dir='ltr'>nr.</span> <span class='ocrx_word' id='word_1_481' title='bbox 2475 3983 2502 4044; x_wconf 58' lang='grc' dir='ltr'><strong>ς</strong></span> <span class='ocrx_word' id='word_1_482' title='bbox 2527 3984 2613 4029; x_wconf 87' lang='grc'>21.</span> 
     </span>
    </p>

    <p class='ocr_par' dir='ltr' id='par_1_23' title="bbox 1659 4056 2726 4190">
     <span class='ocr_line' id='line_1_84' title="bbox 1725 4056 2726 4126; baseline -0.008 -13"><span class='ocrx_word' id='word_1_483' title='bbox 1725 4072 1748 4098; x_wconf 83' lang='lat'>¹¹</span> <span class='ocrx_word' id='word_1_484' title='bbox 1783 4062 2080 4126; x_wconf 64' lang='lat' dir='ltr'>Retio-enlin]</span> <span class='ocrx_word' id='word_1_485' title='bbox 2129 4059 2264 4108; x_wconf 87' lang='lat' dir='ltr'>Vide</span> <span class='ocrx_word' id='word_1_486' title='bbox 2302 4056 2522 4107; x_wconf 86' lang='lat' dir='ltr'>eundem</span> <span class='ocrx_word' id='word_1_487' title='bbox 2565 4057 2656 4105; x_wconf 90' lang='lat' dir='ltr'>lib.</span> <span class='ocrx_word' id='word_1_488' title='bbox 2696 4059 2726 4119; x_wconf 62' lang='grc' dir='ltr'><strong>ς</strong></span> 
     </span>
     <span class='ocr_line' id='line_1_85' title="bbox 1659 4144 1928 4190; baseline -0.011 0"><span class='ocrx_word' id='word_1_489' title='bbox 1659 4144 1742 4190; x_wconf 78' lang='lat'>41.</span> <span class='ocrx_word' id='word_1_490' title='bbox 1769 4149 1824 4188; x_wconf 88' lang='lat' dir='ltr'>et</span> <span class='ocrx_word' id='word_1_491' title='bbox 1845 4144 1928 4188; x_wconf 85' lang='grc'>67.</span> 
     </span>
    </p>

    <p class='ocr_par' dir='ltr' id='par_1_24' title="bbox 1727 4208 2724 4278">
     <span class='ocr_line' id='line_1_86' title="bbox 1727 4208 2724 4278; baseline -0.008 -12"><span class='ocrx_word' id='word_1_492' title='bbox 1727 4224 1749 4249; x_wconf 87' lang='lat'><strong>⁰</strong></span> <span class='ocrx_word' id='word_1_493' title='bbox 1788 4211 2159 4275; x_wconf 75' lang='lat' dir='ltr'>Commendatio]</span> <span class='ocrx_word' id='word_1_494' title='bbox 2210 4212 2326 4278; x_wconf 74' lang='lat' dir='ltr'>Qun</span> <span class='ocrx_word' id='word_1_495' title='bbox 2376 4208 2578 4259; x_wconf 76' lang='lat' dir='ltr'>factum</span> <span class='ocrx_word' id='word_1_496' title='bbox 2637 4209 2724 4259; x_wconf 77' lang='lat' dir='ltr'>ali·</span> 
     </span>
    </p>
   </div>
  </div>
 </body>
</html>
