3020 4942
983 387 1080 435 nn
1127 382 1512 450 ortu-ortu,
1556 384 1606 433 1.
1650 370 1758 435 25.
2335 368 2463 438 867

305 546 484 605 mum,
515 532 708 610 atque
737 526 1065 613 ingenium
1098 528 1185 593 ad
1215 527 1572 594 dicendum
1606 529 1742 593 vim
1788 527 2015 624 afferre
2057 530 2457 596 maximam:

305 652 497 717 neque
554 651 705 696 vero
755 633 933 710 istis,
987 631 1070 695 de
1121 629 1369 715 quibus
1418 632 1626 716 paulo
1680 639 1837 695 ante
1885 632 2061 696 dixit
2101 633 2458 710 Antonine,

307 734 716 819 scriptoribus
764 734 951 813 artis,
989 723 1313 799 rationem
1351 733 1615 800 dicendi
1661 739 1728 798 et
1768 735 1970 811 viam,
2010 733 2127 798 sed
2159 742 2462 822 naturam

305 836 617 902 defuisse!
704 837 885 902 Nam
938 845 1011 904 et
1059 837 1266 903 animi
1327 844 1527 924 atque
1572 838 1827 928 ingenii
1877 837 2132 902 celeres
2185 838 2465 920 quidam

304 945 502 1004 motus
529 960 679 1005 esse
708 939 973 1019 debent,
1015 940 1128 1025 qui
1169 946 1236 1005 et
1279 941 1367 1005 ad
1410 941 1979 1023 excogitandum’·
2026 940 2227 1017 acuti,
2269 948 2336 1005 et
2379 939 2465 1005 ad

303 1043 743 1125 explicandum
792 1043 1294 1126 ornandumque
1348 1045 1482 1110 sint
1534 1045 1794 1120 uberes,
1845 1050 1910 1106 et
1954 1042 2039 1106 ad
2081 1043 2466 1106 memoriam

302 1143 452 1209 firmi
492 1153 688 1230 atque
735 1145 1052 1212 diuturni.
1138 1147 1294 1212 114.
1337 1149 1424 1213 Et
1461 1150 1522 1214 si
1564 1148 1716 1232 quis
1748 1154 1901 1225 est,³
1948 1148 2066 1231 qui
2093 1146 2244 1211 haec
2273 1154 2470 1232 putet

303 1249 424 1311 arte
452 1250 666 1332 accipi
712 1270 937 1333 posse,
982 1248 1198 1336 (quod
1226 1250 1470 1316 falsum
1501 1259 1647 1332 est;
1688 1250 2011 1335 praeclare
2040 1250 2215 1315 enim
2261 1268 2335 1314 se
2362 1270 2467 1313 res

300 1348 539 1428 habeat,
602 1352 665 1418 si
725 1352 928 1416 haecs
963 1354 1262 1433 accendi,
1326 1362 1447 1420 aut
1503 1341 1913 1432 commoveri
1963 1361 2107 1418 arte
2157 1354 2465 1437 possint:

298 1451 475 1517 inseri
503 1455 801 1538 quidem,
830 1466 898 1521 et
927 1456 1156 1521 donari
1190 1459 1276 1523 ab
1308 1464 1453 1522 arte
1507 1478 1641 1521 non
1688 1450 1974 1541 poss'unt
2003 1458 2225 1520 omnia
2253 1476 2271 1537 ;
2317 1462 2470 1522 sunt

302 1555 507 1619 enim*
543 1557 663 1622 illa
715 1557 918 1623 dona.
948 1562 1235 1640 naturae)
1278 1560 1444 1644 quid
1488 1559 1571 1625 de
1635 1560 1771 1624 illis
1823 1559 2021 1635 dicet,
2079 1579 2229 1642 quae
2288 1565 2467 1623 certe

299 1675 431 1720 cum
461 1659 610 1742 ipso
641 1651 912 1725 homine
937 1668 1304 1727 nascuntur
1323 1664 1353 1726 'l
1397 1664 1641 1746 linguae
1673 1663 1970 1738 solutio!
2013 1661 2207 1727 vocis
2240 1680 2465 1739 sonuS,

296 1757 503 1840 latera,
535 1762 760 1841 vireS,⁵
805 1763 1249 1830 conformatio
1290 1765 1602 1848 quaedam
1642 1771 1709 1830 et
1737 1762 1945 1846 figura
1984 1763 2196 1828 totius
2237 1764 2372 1827 oris
2402 1771 2473 1827 et

298 1863 624 1946 corporis'l
706 1865 854 1930 115.
887 1865 1132 1951 Neque
1148 1866 1294 1932 haec
1314 1867 1413 1932 ita
1428 1867 1610 1942 dico,
1633 1874 1709 1931 ut
1738 1886 1850 1931 ars
1881 1864 2131 1948 aliquid
2162 1865 2391 1929 limare
2411 1863 2475 1903 ⁶‘

297 1981 416 2027 non
437 1968 678 2049 possit:
701 1970 941 2051 (neque
960 1969 1135 2033 enim
1151 1970 1405 2054 ignoro,
1423 1976 1491 2035 et
1508 1989 1663 2053 quae
1679 1969 1859 2033 bona
1876 1969 2033 2046 sint,
2044 1965 2182 2031 fieri
2195 1967 2472 2032 meliora

302 2195 312 2206 .
349 2140 368 2164 ²
400 2133 538 2184 Tisia
571 2141 620 2187 et
659 2138 835 2188 Coraci
858 2137 981 2187 artic
1013 2138 1266 2189 rhetorica
1288 2137 1612 2189 {uanioribus
1641 2153 1736 2188 nou
1768 2106 2092 2190 institutiones
2112 2140 2356 2202 oratorioe,
2389 2141 2497 2225 sed*

294 2210 518 2315 ”⁸5thss
533 2203 841 2331 gum-acum
858 2231 1106 2331 largitur..
1275 2276 1305 2312 Β
1341 2269 1585 2332 Expedita
1604 2270 1668 2319 od
1702 2270 1950 2319 dicendum
1970 2270 2151 2331 lingua.

1191 2379 1552 2400 ‘NOOOO‘O‘OO

296 2439 416 2491 ders.
433 2457 472 2492 ε.
500 2443 536 2494 l.
556 2452 614 2496 et
633 2460 685 2497 a.
716 2444 932 2496 Mediol.
967 2445 1185 2497 Arcens.
1217 2448 1365 2498 Rom.
1390 2448 1536 2499 Koba*
1568 2446 1674 2508 Sic,
1703 2447 1857 2511 inquit
1888 2447 2042 2510 igitur
2067 2448 2270 2497 Crassus
2289 2448 2476 2508 sentio,-

292 2506 427 2557 Junt.
446 2511 588 2562 Crat.
614 2512 791 2562 Str-eb.
828 2513 1014 2563 Pearc.
1057 2513 1144 2562 Sic
1164 2513 1320 2573 igitur
1339 2514 1506 2570 centio,
1535 2514 1690 2576 iuquit
1730 2515 1964 2571 emissus,-
1997 2514 2213 2562 Lallem.
2244 2513 2474 2564 Gronov.

293 2570 534 2640 ven-burg.
558 2576 646 2628 Sic
667 2578 825 2639 igitur
843 2593 1020 2637 cerueo,
1041 2577 1196 2641 inquit
1220 2579 1531 2627 Crassum—2
1566 2578 1739 2628 Oxon.
1756 2578 1798 2626 Z
1817 2593 1871 2638 γ,
1891 2579 1999 2626 Eri.
2020 2583 2068 2626 2.
2087 2578 2476 2638 cogitandum.—

294 2638 321 2684 3
352 2640 367 2665 ‘
389 2639 518 2690 Nov.
549 2642 668 2691 Bul.
702 2643 849 2692 Harl.
871 2648 920 2692 2.
950 2644 1102 2704 Wag.
1131 2651 1187 2691 et
1210 2643 1365 2692 Cant.
1387 2642 1615 2708 itemque
1637 2643 1755 2692 edd.
1780 2644 1928 2691 Rom.
1951 2642 2086 2691 Kob.
2108 2644 2241 2690 Ven.
2262 2644 2478 2692 Mediol-

293 2709 342 2751 et
365 2704 535 2754 Lamb.
566 2706 764 2757 habeut
795 2708 877 2755 sed
908 2707 955 2757 οἱ
986 2708 1090 2770 quis
1120 2705 1228 2757 est!
1262 2709 1445 2758 Pearc.
1509 2708 1619 2757 ‘At
1652 2708 1819 2757 minus
1843 2708 1991 2756 bene.
2057 2708 2214 2756 Teste
2246 2707 2476 2758 Mull.-in

292 2766 434 2830 Disp.
462 2771 568 2820 Cit.
601 2787 659 2837 p.
697 2775 781 2821 1⁵.
813 2772 935 2821 edd.
972 2774 1214 2834 princeps
1236 2786 1278 2822 ε.
1300 2775 1335 2823 l.
1359 2782 1413 2821 et
1437 2787 1484 2823 a.
1507 2782 1663 2839 atque
1686 2771 1985 2822 Valdarser.
2011 2780 2172 2820 totum
2207 2773 2372 2827 locum
2400 2774 2475 2822 ita

293 2834 540 2897 exhibent,
562 2837 666 2886 Sed
686 2838 794 2900 quia
809 2844 898 2891 est,
921 2837 1003 2900 qui
1021 2838 1122 2886 hoec
1141 2841 1275 2901 putet
1299 2872 1313 2887 .
1335 2873 1348 2887 .
1375 2873 1390 2890 .
1409 2843 1577 2901 posse?
1643 2837 1975 2897 Qumtfoelsum
1997 2844 2087 2897 est,
2106 2838 2336 2900 preclare
2349 2841 2475 2887 enim

292 2911 360 2946 ren
392 2915 441 2949 se
472 2901 630 2963 habet,
659 2935 674 2950 .
698 2934 713 2949 .
736 2936 752 2951 .
775 2902 931 2950 omnia
945 2918 966 2960 ‚·
989 2934 1005 2950 .
1027 2937 1043 2952 .
1071 2937 1086 2952 .
1107 2910 1322 2952 natura:
1355 2905 1480 2966 qnid¹
1502 2905 1563 2953 de
1588 2904 1687 2952 iltis
1718 2905 1873 2952 dicam
1894 2934 1909 2951 .
1926 2935 1940 2950 .
1960 2934 1974 2950 .
1995 2901 2202 2966 corporis
2217 2900 2242 2952 ’.Ι
2310 2904 2476 2965 Neque

293 2963 405 3011 enim
425 2966 474 3014 Ιι.
490 2967 527 3014 i.
546 2970 598 3018 α.
617 2972 743 3015 utu.
765 2969 944 3030 aliquos
965 2968 999 3016 ἱ.
1015 2983 1066 3016 n.
1084 2983 1133 3031 p.
1156 3001 1172 3015 .
1195 3001 1208 3015 .
1233 3002 1246 3016 .
1268 2968 1387 3017 bona
1408 2975 1519 3017 sunt
1537 3000 1552 3015 .
1576 3002 1590 3017 .
1613 3003 1626 3016 .
1647 2973 1887 3017 oratorum
1907 2982 2112 3022 numero.
2131 2971 2210 3030 ξε.
2278 2968 2338 3016 In
2365 2969 2416 3016 h.
2440 2970 2475 3020 Ι.

244 3084 260 3097 x
292 3026 359 3075 ita
381 3044 578 3095 quoqne
616 3035 821 3081 variant
857 3031 1007 3081 libri:
1045 3032 1146 3080 hoec
1176 3038 1316 3095 putat
1348 3041 1453 3082 arte
1479 3033 1653 3083 Oxou.
1682 3033 1746 3094 U,
1777 3034 1884 3082 Eri.
1921 3038 1968 3081 1.
2000 3039 2049 3082 2.
2088 3035 2235 3082 Rom.
2258 3040 2312 3082 et
2338 3033 2475 3082 Kob-

289 3096 453 3157 percipi
473 3096 650 3147 Oxon.
684 3113 709 3144 ε
727 3112 742 3156 ;
762 3097 850 3145 Ιωσ
868 3098 1048 3160 percipi
1064 3113 1116 3160 p.
1136 3097 1382 3156 idsalsum
1402 3104 1492 3158 est,
1519 3133 1534 3148 .
1558 3133 1573 3148 .
1599 3132 1611 3147 .
1634 3112 1728 3146 mm
1751 3101 1929 3161 possint
1952 3098 2106 3146 omnia
2131 3098 2303 3147 oxon.
2321 3099 2369 3146 U
2388 3114 2404 3158 ς
2426 3113 2477 3147 se

292 3171 360 3204 res
379 3161 510 3208 habet
535 3162 689 3211 Rom.
706 3162 844 3211 Kob.
866 3163 979 3224 quid
999 3164 1057 3211 de
1077 3163 1178 3211 iuis
1199 3164 1354 3212 dicam
1375 3163 1482 3212 Eri.
1502 3168 1549 3212 1.
1572 3168 1620 3213 2.
1645 3163 1813 3212 Oxon.
1836 3164 1877 3212 U
1905 3166 1940 3219 β
1963 3164 1988 3211 δ
2010 3179 2051 3219 ε,
2088 3164 2239 3212 Rom.
2265 3163 2405 3212 Kob.
2422 3172 2476 3211 et

293 3219 404 3272 Ald.
464 3224 638 3289 latera,
669 3225 1075 3289 aragonum.
1109 3227 1223 3276 Erl.
1246 3231 1294 3275 1.
1313 3232 1362 3277 2.
1388 3228 1563 3278 Oxou.
1599 3229 1681 3289 U;
1722 3229 1891 3291 Neque
1914 3228 2039 3276 enim
2063 3229 2164 3277 hoec
2186 3261 2200 3295 .·
2224 3258 2238 3275 .
2263 3262 2276 3278 .
2298 3230 2478 3292 aliquos

292 3287 445 3338 limare
466 3291 574 3339 Eri.
597 3295 647 3340 1.
666 3293 715 3339 2.
738 3292 913 3341 O'xon·
935 3292 982 3340 U
1006 3292 1068 3348 Z,
1099 3292 1247 3341 Rom.
1271 3296 1326 3341 et
1347 3292 1485 3341 Kob.
1504 3309 1610 3357 qm
1633 3294 1751 3342 bona
1768 3299 1881 3342 sunt
1904 3293 2053 3342 Rom.
2077 3293 2217 3343 Kob.
2272 3309 2374 3355 qnae
2396 3308 2476 3356 op-

292 3352 399 3401 tima
415 3369 504 3404 non
521 3358 680 3420 aliquo
699 3357 805 3405 Eri.
830 3360 875 3405 1.
923 3356 977 3405 in
997 3361 1121 3406 orat.
1142 3371 1333 3406 numero
1352 3373 1460 3407 cen.
1479 3374 1530 3407 n.
1549 3374 1600 3422 p.
1621 3358 1772 3407 Rom.
1791 3368 1843 3406 et
1869 3355 2027 3406 Kob.'
2062 3358 2303 3407 Ham—4
2329 3365 2342 3386 ⁸
2363 3359 2477 3407 Nou

287 3423 471 3477 possunt
490 3436 510 3477 ‚-
530 3422 689 3469 omnia
712 3427 825 3470 eunt
845 3422 986 3482 enim,
1006 3422 1113 3486 &ct-J
1144 3422 1230 3470 Ita
1251 3436 1369 3471 cum
1387 3422 1610 3472 Ascens.
1638 3425 1802 3471 locum
1828 3425 2169 3486 interpung03
2197 3438 2292 3471 nec
2324 3424 2479 3471 aliter

296 3479 439 3532 Cant.
459 3484 617 3534 Joan.
656 3493 709 3534 et
746 3486 894 3536 Harl.
915 3491 961 3534 l.
981 3490 1031 3535 2.
1069 3488 1119 3535 in
1153 3487 1339 3551 quibus
1373 3503 1471 3537 vox
1494 3488 1653 3536 omnia
1679 3503 1792 3537 cum
1819 3489 2101 3550 majuscula
2125 3490 2276 3536 litera
2295 3488 2479 3536 initiali

294 3549 559 3598 scribitur?
592 3550 767 3601 Pearc.
832 3551 1038 3601 Ernesti
1062 3552 1287 3602 malebat
1308 3553 1471 3602 deleri
1493 3553 1669 3602 omnia.
1733 3553 1939 3602 Schutz.
1966 3555 2049 3601 illa
2082 3553 2259 3607 verba,
2283 3555 2438 3601 omnia
2455 3569 2476 3610 ;

291 3618 393 3660 unt
428 3615 554 3664 enim
592 3617 681 3664 illo
721 3619 845 3665 dona
880 3623 1083 3671 nature,
1117 3619 1269 3682 plane
1307 3619 1524 3668 delevit.
1606 3619 1671 3668 In
1715 3618 1898 3667 eadem
1937 3619 2200 3667 sententia
2244 3625 2478 3666 versatur

291 3673 498 3729 wetzel.
523 3682 609 3745 qui
632 3695 747 3742 cum
776 3682 1003 3732 Gruter-o
1030 3696 1140 3731 voc.
1160 3683 1317 3732 omnia
1339 3715 1355 3731 .
1379 3719 1393 3733 .
1417 3716 1432 3733 .
1460 3687 1646 3732 mturae
1683 3684 1825 3733 uncis
1859 3683 2088 3732 inclusit.
2156 3683 2333 3746 Atque
2358 3698 2477 3732 cum

294 3738 540 3794 Wetzelio
561 3747 622 3794 F.
643 3747 703 3795 C.
724 3746 879 3795 Wolf.
901 3747 964 3794 ad
990 3747 1276 3795 versionem
1302 3764 1353 3810 p.
1376 3752 1493 3797 468.
1510 3763 1622 3797 voc.
1636 3749 1793 3798 omnia
1807 3749 2077 3797 contendit
2095 3762 2208 3797 esse
2233 3750 2478 3809 glossam,

292 3805 461 3879 pultem
486 3811 733 3874 conjungi
757 3825 855 3861 non
880 3811 1073 3860 debere
1107 3827 1223 3862 eum
1255 3813 1331 3874 τῷ
1348 3817 1655 3875 pessuma—5
1689 3820 1704 3843 ⁶
1723 3814 1811 3863 Sic
1845 3812 1955 3862 fere
1986 3812 2101 3862 libri
2135 3823 2188 3860 et
2210 3812 2388 3874 scripti
2420 3821 2478 3861 et

295 3875 541 3933 impressi.
609 3875 851 3926 Fortasse
885 3878 961 3926 sic
1001 3879 1232 3926 sananda
1269 3884 1349 3927 est
1396 3878 1676 3937 sententia,
1709 3880 1886 3939 lingue
1916 3879 2104 3938 solutio,
2143 3877 2272 3926 vocis
2320 3890 2479 3932 sonus,

292 3933 485 3988 luten-um
524 3940 669 4003 vires,
700 3942 999 4007 confirmatio
1041 3945 1256 4005 quadam
1287 3949 1334 3993 et
1362 3942 1535 4008 figura
1572 3943 1717 3992 totius
1746 3943 1843 3991 oris
1883 3948 1931 3991 et
1970 3943 2193 4005 corporis.
2255 3941 2409 3992 Joan.
2447 3958 2480 3990 a

294 4011 485 4064 nupera
508 4013 678 4056 tamen
703 4022 873 4064 mann,
896 4008 1050 4056 habet
1067 4010 1268 4058 laterum
1287 4007 1443 4057 vires!
1474 4008 1664 4057 Pearc.
1730 4008 1838 4057 Erl.
1860 4011 1907 4055 1.
1931 4009 2101 4069 latera,
2123 4019 2280 4062 aures,
2296 4008 2478 4066 consor·

292 4068 431 4117 matio
445 4084 465 4127 ,·
495 4079 550 4121 et
571 4071 642 4122 sic
665 4087 868 4137 quoque
890 4073 943 4123 in
967 4072 1086 4123 cod.
1111 4072 1285 4124 Oxon.
1306 4074 1387 4134 U,
1401 4080 1457 4123 et
1479 4072 1590 4121 Erl.
1624 4077 1674 4121 2.
1698 4086 1728 4121 a
1759 4087 1842 4137 pr.
1866 4087 1936 4121 m.
1968 4071 2056 4121 sed
2083 4087 2113 4122 a
2143 4087 2213 4122 m.
2238 4086 2345 4122 see.
2364 4087 2480 4122 cor-

1271 4185 1322 4235 N
1330 4184 1487 4235 01·AE

353 4269 371 4300 ‘
408 4271 476 4321 Ut
504 4287 589 4322 arn
618 4273 799 4339 aliquid
820 4274 1008 4340 limare]
1044 4275 1144 4327 Ars
1167 4281 1361 4327 naturae
1397 4275 1548 4327 dotes
1571 4275 1792 4343 perficit,
1813 4275 2026 4342 corrigit
2048 4276 2191 4334 vitia,
2222 4285 2281 4329 ut
2313 4278 2480 4342 liquet
